2759 4850
1609 150 1648 180 f

164 335 193 352 t—

358 381 501 450 118
790 393 928 498 ‘os
979 356 1338 451 secans*
1376 387 1658 463 vna-Ea.
1711 390 1964 484 come.

362 560 555 640 Quod
601 583 759 628 vero
798 560 991 628 multi
1037 565 1268 632 timore
1296 553 1578 649 perculsi
1605 557 1687 628 ad
1718 556 2209 624 Polemarchum
2242 579 2466 623 accur-

361 668 530 732 risse
578 665 936 744 traduntur,
979 668 1074 730 sic
1117 685 1388 742 censeo,
1432 663 1679 730 relictis
1718 660 2306 745 jamScboliastis,
2353 663 2468 746 qui
2541 672 2546 676 ’

365 769 586 833 omnia
632 778 974 832 xtentantes
1028 761 1195 833 nihil
1251 764 1639 852 proficiunt,
1696 761 2135 843 Alcibiadem,
2193 760 2467 827 Critiam

342 868 665 957 aliosque
699 872 977 954 juvenes
1032 884 1292 957 praeter
1332 882 1621 934 caeteros
1664 871 2022 954 peregrinis
2077 868 2357 930 maxime
2402 876 2470 929 et

367 970 706 1057 inquilinis
763 970 1051 1051 civibus,
1096 993 1274 1058 ,quos
1335 970 1419 1040 ab
1473 971 1737 1056 judiciis
1797 968 2175 1057 longissime
2232 969 2471 1030 scirent

370 1086 674 1152 remotos,
716 1070 895 1136 litem
920 1075 1311 1153 intendisse,
1345 1072 1543 1137 hosce
1572 1072 1862 1158 hospites
1895 1072 2228 1157 designari-
2253 1065 2471 1132 verbis

370 1171 475 1248 ἐπὶ,
513 1184 781 1240 τοῖσιν
823 1173 1332 1268 ἀπράγμοσιν
1377 1172 1625 1256 ὑμῶν,
1668 1175 1789 1239 hos
1820 1177 2014 1239 etiam
2047 1174 2126 1237 ad
2150 1169 2474 1236 poleman-

372 1275 601 1355 chum,
663 1291 1006 1363 patronum
1065 1300 1291 1355 suum,
1353 1297 1543 1362 quem
1597 1278 1699 1341 eis
1750 1279 1863 1360 jus
1912 1277 2155 1344 dixisse
2201 1283 2471 1350 constat,

264 1413 283 1432 ψ
372 1377 771 1465 confugissec
849 1375 951 1442 Ita
990 1377 1342 1444 Terentius
1392 1373 1489 1443 de'
1520 1376 1884 1446 Menandro
1931 1378 2246 1441 convertit
2285 1390 2474 1462 atque

376 1499 461 1552 ex
493 1483 687 1544 attico
708 1482 859 1564 jure
894 1483 1125 1545 sumsit
1157 1479 1322 1543 illa·
1301 1501 1370 1543 iu
1399 1480 1652 1545 Andria
1681 1478 1820 1558 IV,
1813 1486 1899 1558 5,
1935 1485 2034 1545 15

1563 1654 1737 1697 nunc
1780 1654 1882 1696 me
1926 1629 2245 1717 hospitem

534 1734 730 1800 ‘Lites
762 1736 981 1820 sequi,
1024 1756 1212 1820 quam
1257 1733 1367 1798 hic
1416 1732 1579 1800 mihi
1625 1737 1709 1800 sit
1751 1732 1941 1798 facile
1984 1747 2174 1820 atque
2217 1732 2399 1816 utile,

464 1823 471 1830 ’
549 1833 843 1901 Aliorum
886 1834 1184 1921 exempla
1228 1823 1670 1902 commonent:
1714 1836 1910 1903 simul
1952 1834 2268 1918 arbitror„

555 1936 703 2012 Jam
741 1935 1037 2024 aliquem.
1070 1936 1212 2003 esse
1263 1940 1542 2012 amicum
1576 1952 1651 2034 ‘et
1693 1939 2099 2014 defensorem
2142 1943 2225 2004 ei.

274 2039 295 2074 x
2177 2037 2184 2054 x

381 2091 550 2156 Istos
593 2094 790 2177 igitur
833 2091 1197 2156 Socraticos
1237 2094 1518 2178 primum
1548 2107 1766 2178 patres
1793 2095 2072 2179 avosque
2105 2094 2483 2174 suffocasse,

386 2192 513 2258 hoc
571 2207 670 2258 est
725 2193 1170 2258 tantummodo
1244 2192 1416 2257 male
1481 2193 1837 2271 mulcasse,
1914 2195 2222 2288 queritur'
2257 2203 2480 2278 poeta:

383 2290 695 2383 putabant
739 2297 912 2360 enim
947 2295 1281 2359 Socratem
1329 2316 1458 2358 non
1504 2297 1696 2372 modo
1740 2291 2087 2377 discipulos
2136 2297 2485 2379 sapientio-

388 2420 494 2462 res
538 2397 809 2462 reddere
854 2398 1266 2483 parentibus,
1328 2415 1678 2481 eorumque
1719 2398 1970 2463 animos
2025 2415 2065 2459 a
2111 2395 2533 2517 propinquis

388 2503 525 2564 suis
570 2498 961 2579 abalienare,
1008 2520 1232 2565 verum
1278 2503 1470 2564 etiam
1518 2499 1639 2562 hoc
1669 2499 1908 2576 dicere,
1933 2495 2134 2562 -licere
2163 2488 2533 2567 interdum

388 2600 528 2667 filio
560 2615 803 2686 patrem
840 2599 940 2665 vel
968 2605 1231 2681 vincire,
1262 2615 1536 2669 testante
1566 2602 1633 2665 id
1661 2599 2099 2686 Xenophonte
2128 2600 2489 2671 Memorab.

390 2702 455 2782 Ι,
487 2710 550 2783 2,
579 2709 666 2769 49
696 2722 867 2790 sqq.;
929 2718 1121 2792 atque
1176 2707 1375 2768 etiam
1424 2703 1826 2789 Phidippidis
1884 2706 2179 2788 impietas
2240 2726 2324 2769 ex
2365 2703 2491 2770 hoc

394 2804 577 2895 fonte
636 2802 978 2892 profluxit.'
1064 2807 1412 2872 Praeterea
1451 2808 1647 2871 iidem
1692 2806 1762 2870 id
1806 2806 2128 2870 studuisse
2174 2808 2492 2887 dicuntur,
2533 2892 2538 2895 Ι

390 2921 466 2971 ut
504 2908 743 2974 multos
787 2921 976 2993 atque
1017 2913 1396 2974 innoeentes
1441 2909 1728 2970 cives-in
1770 2908 1883 2989 jus
1920 2921 2181 2970 vocatos
2211 2908 2498 2975 fortunis

395 3023 786 3076 everterent:
832 3025 896 3074 et
932 3007 1428 3075 existimabatur
1453 3006 1765 3069 Socrates
1797 3003 2146 3089 discipulos
2189 3026 2346 3075 suos
2380 3011 2492 3077 fo-

396 3114 575 3176 rensi
640 3111 1006 3195 eloquentia
1062 3112 1383 3172 instruere
1457 3117 1522 3167 et
1574 3125 1837 3191 prorsus
1898 3120 2079 3191 aptos
2135 3108 2349 3174 facere
2409 3114 2492 3179 ad

400 3211 625 3295 Remp.
672 3211 1150 3295 capessendam,
1195 3229 1406 3293 neque
1449 3209 1514 3271 id
1543 3210 1700 3292 ipse
1744 3207 2188 3275 dissimulabat
2214 3210 2493 3293 (Menio-
2554 3248 2582 3293 5-

399 3313 587 3377 rabil.
621 3312 674 3393 I,
701 3319 766 3392 6,
794 3311 927 3394 15).
973 3310 1296 3396 Majorem
1326 3313 1519 3374 etiam
1555 3308 1762 3374 lucem
1790 3309 1903 3374 ille
1916 3310 2283 3397 ,Vesparum
2311 3313 2493 3380 locus

404 3436 441 3477 e
469 3413 631 3478 Plat.
664 3411 942 3500 Apolog.
988 3420 1262 3489 c.·10,et
1303 3436 1361 3477 c.
1389 3421 1474 3477 22
1505 3416 1644 3477 init.
1697 3414 2002 3498 accipiet,
2051 3430 2244 3499 quum
2289 3414 2496 3502 philo·

401 3514 642 3602 sophus
683 3518 752 3581 in
797 3514 1000 3581 altero
1043 3514 1187 3581 loco
1219 3518 1574 3581 adversus
1554 3535 1764 3600 ipsum
1792 3513 2285 3601 Aristophanem
2321 3522 2497 3602 ejus-

332 3655 337 3659 ·
405 3640 527 3705 que
582 3621 820 3721 primas
880 3616 1106 3684 Nubes
1165 3640 1309 3683 sese
1354 3618 1751 3682 defenderit.
1864 3615 1963 3682 lbi
2034 3621 2206 3683 enim
2279 3634 2498 3685 narrat
2611 3616 2622 3622 ’

389 3708 729 3802 Socrates,
772 3718 1119 3805 discipulos
1146 3742 1319 3784 suos
1357 3722 1663 3805 gaudere,
1710 3722 2211 3805 quotiescunque
2252 3714 2415 3786 alios
2457 3744 2499 3787 a

394 3844 475 3889 se
522 3802 855 3908 explorari
892 3824 1191 3900 uiderint,
1238 3835 1302 3885 et
1342 3825 1518 3906 ipsos
1563 3842 1813 3906 quoque
1858 3823 2147 3906 magistri
2194 3822 2496 3944 exemplo

400 3927 702 3989 incitatos
736 3923 939 4010 vulgo
984 3939 1288 3989 excutere
1334 3923 1630 4015 homines
1677 3936 1864 4009 atque
1908 3921 2203 3987 refellere
2253 3928 2496 4006 conari,

410 4040 540 4092 non
584 4028 725 4090 sine
769 4048 1019 4092 summa
1060 4047 1319 4107 eorum,
1380 4047 1794 4112 quoscunque
1837 4026 2089 4091 demum
2134 4025 2497 4105 refutarint,

403 4129 865 4215 indignatione.
954 4125 1540 4213 Nempe‘Socrates
1596 4127 1724 4191 alia
1779 4128 1998 4190 omnia
2056 4148 2212 4192 suos
2269 4119 2497 4193 melius

404 4231 702 4309 docuisse
749 4232 1036 4309 videtur,
1083 4252 1271 4317 quam
1321 4232 1738 4309 modestiam,
1785 4250 1923 4293 non⁴
1959 4231 2150 4295 istam
2188 4226 2498 4295 humilem

1437 4496 1446 4535 l
