2759 4850
1027 129 1073 176 N

1369 173 1404 185 ό

339 333 483 399 120
788 344 891 399 nn
941 309 1283 401 socnam
1312 311 1612 402 simma.
1667 311 1920 402 co'nncss

340 491 614 591 dabant,
654 514 741 576 in
785 510 927 576 his
932 508 1049 598 (ut
1089 511 1410 599 ignobiles
1455 513 1764 599 quosdam
1807 523 2180 589 taceamus,
2223 509 2431 581 veluti

346 610 948 699 Chaerephontem),
983 629 1117 680 tum
1145 616 1406 718 Critias,
1452 637 1636 710 quem
1673 618 1814 699 jam
1849 626 2036 677 antea
2074 618 2429 697 nominavi,
2517 639 2524 646 ·

346 727 482 778 tum
536 717 727 778 etiam
759 715 1237 781 Theramenes.
1276 705 1607 803 siquidem
1662 719 1877 802 potius
1917 736 2151 801 sequor
2184 717 2434 800 Diodo-
2521 768 2536 784 ,

344 838 488 880 rum
527 816 719 896 XIV,
769 822 827 882 5.
813 862 868 896 .,
919 839 1103 903 quam
1151 817 1353 882 alium
1397 820 1615 883 nescio
1665 839 1886 902 quem,
1933 822 2044 902 qui
2082 820 2152 882 in
2200 822 2310 886 vit.
2357 823 2436 889 X
2531 862 2538 865 ·
2617 839 2624 860 ³

345 914 649 996 Rhetor„
690 921 804 981 vit.
846 917 1043 983 Isocr.
1070 943 1128 1007 p.
1161 925 1309 998 836,
1343 919 1416 984 F.
1461 943 1603 986 cum
1635 918 1897 984 Socrate
1941 918 2319 1002 Isocratem,
2361 937 2437 989 ut

346 1040 538 1104 saepe
584 1020 831 1085 faciunt
868 1023 1059 1086 etiam
1103 1019 1456 1101 librarioli,
1501 1013 1672 1086 male
1712 1022 2018 1098 confudit.
2104 1022 2433 1092 Postremo

350 1119 651 1216 Euripidi
700 1121 948 1208 quoque
978 1125 1054 1206 ,in
1098 1123 1443 1209 Socraticis
1476 1122 1687 1194 locum
1734 1123 1814 1188 ab
1846 1124 2278 1222 Aristophane
2323 1128 2435 1192 da-

345 1234 480 1290 tum
510 1245 656 1288 esse
691 1225 917 1302 videri,
960 1226 1133 1290 infra
1171 1224 1771 1291 demonstrabimus.
1855 1225 2116 1290 Diutius
2159 1227 2434 1293 fortasse

345 1327 415 1411 in
446 1323 559 1390 illa
589 1326 885 1410 parabasi
917 1326 1285 1413 Vesparum
1316 1340 1602 1392 moratus
1632 1347 1812 1405 sum,
1845 1349 2047 1413 quam
2075 1348 2238 1418 opus
2270 1345 2437 1406 erat3

351 1447 525 1491 nunc
569 1431 827 1492 tande‘m
870 1432 1089 1513 paucis
1121 1428 1525 1512 complectar.
1583 1423 1880 1492 Dilucide
1924 1433 2200 1494 ostendit
2225 1440 2438 1516 poeta,

238 1562 244 1570 ·
344 1525 576 1591 Nubes
617 1527 653 1591 Ι
713 1550 842 1592 ιιοιι
885 1530 952 1591 in
1006 1529 1338 1606 Socratem
1383 1552 1424 1602 a
1466 1551 1537 1595 se
1581 1531 1849 1624 scriptas
1904 1550 2083 1609 esse,
2125 1532 2314 1617 quem
2354 1555 2440 1597 ne
2534 1562 2546 1570 “

308 1689 313 1694 .
350 1627 808 1695 commemorat
848 1632 1140 1719 quidem,
1188 1634 1245 1696 si
1271 1625 1412 1713 μετ
1446 1629 1636 1696 αὐτὸν
1673 1636 2061 1715 reposueris,
2094 1636 2198 1700 sin
2225 1645 2439 1702 autem

326 1730 488 1813 μετ’
538 1730 734 1798 αὐτοῦ
777 1755 894 1798 suo
934 1734 1078 1799 loco
1113 1723 1477 1818 reliqueris,
1508 1755 1636 1797 non
1663 1736 1889 1818 tangit,
1935 1736 2056 1797 nisi
2086 1732 2438 1819 levissime,

351 1833 466 1895 sed
510 1856 581 1898 se
613 1849 762 1898 tunc
790 1838 859 1899 in
888 1835 1259 1901 Socraticos·
1294 1837 1456 1901 istos
1499 1838 1558 1900 si
1596 1857 1725 1900 non
1759 1839 1969 1916 unice,
2012 1850 2078 1900 at
2103 1841 2444 1925 praecipue

258 1965 286 1994 .·
354 1939 606 2001 acuisse
650 1936 889 2017 stilum,
934 1960 1203 2023 quorum
1250 1951 1316 2004 et
1350 1942 1600 2025 privata
1641 1942 1935 2025 impietas
1970 1941 2195 2024 optimi
2229 1944 2442 2025 cujus-

308 2105 311 2108 ,
354 2058 477 2122 que
520 2033 810 2120 dolorem
852 2044 1222 2120 excitasset,
1267 2054 1333 2105 et
1376 2062 1626 2107 summa
1669 2043 1737 2105 in
1783 2043 1925 2108 foro
1962 2055 2151 2127 atque
2173 2045 2443 2125 judiciis

348 2161 549 2227 saepe
605 2144 839 2208 victrix
890 2140 1093 2209 libido
1150 2141 1424 2208 multum
1470 2138 1834 2221 detrimenti
1865 2142 2280 2226 Reipublicae
2319 2146 2443 2209 im-

251 2258 255 2262 “
348 2258 651 2337 portaret.
769 2243 916 2308 Jam
988 2247 1129 2331 quis
1202 2267 1332 2309 non
1393 2247 1601 2323 videt,
1671 2246 1740 2310 in
1798 2245 2095 2307 secundis
2137 2241 2441 2314 Nubibus

250 2369 259 2374 ’
340 2344 686 2433 *Socratem
742 2348 952 2432 ipsum
1010 2349 1250 2410 incessi
1302 2360 1369 2410 et
1411 2347 1595 2410 omni·
1633 2343 2159 2428 contumeliarum
2202 2369 2442 2450 genere

354 2449 572 2514 affici²
659 2447 822 2526 Quis
881 2457 1010 2514 'tam
1064 2447 1294 2514 stultus
1355 2464 1490 2528 est,
1554 2462 1664 2514 aut
1706 2448 1835 2512 tam
1894 2470 1935 2513 a
1991 2470 2150 2513 sana
2191 2445 2443 2517 ratione

355 2570 645 2632 aversuS,
688 2566 763 2616 ut
793 2553 1005 2631 dicere
1036 2553 1274 2616 audeat
1303 2551 1411 2616 hic
1437 2561 1663 2649 poetae
1693 2552 1761 2615 id
1790 2553 2187 2637 propositum
2220 2553 2442 2635 fuisse,

356 2669 452 2722 ut
469 2676 600 2719 non
646 2648 775 2751 tam
819 2653 1182 2734 Socratem,
1230 2678 1421 2745 quam
1461 2668 1677 2720 certos
1731 2656 2039 2741 quosdam
2083 2654 2445 2724 Socraticos

282 2744 288 2751 ’
355 2740 481 2823 hoc
524 2742 795 2822 nomine
828 2757 1346 2844 reprehenderet,
1392 2761 1560 2845 quod
1605 2759 1779 2821 cives
1803 2756 2236 2844 hospitesque
2263 2780 2448 2823 accu-
2522 2769 2526 2773 ’

356 2883 511 2927 sare
557 2874 976 2926 consuessent
1041 2874 1107 2925 et
1161 2863 1385 2947 iniquo
1433 2863 1682 2945 judicio
1746 2862 2206 2924 circumvenire
2261 2862 2450 2924 inno-

357 2963 613 3063 centes?
696 2962 866 3028 Nam
939 2965 1048 3050 qui
1106 2960 1416 3046 suspicati
1470 2973 1655 3038 sunt,
1717 2959 2049 3022 Socratem
2105 2953 2448 3049 personam

355 3091 549 3156 agere
605 3067 1075 3153 sophistarum,
1131 3064 1227 3125 eis
1281 3061 1594 3131 forsitan
1577 3060 2067 3146 ignoscendum
2131 3063 2249 3129 sit:
2322 3061 2449 3131 hoc

357 3192 513 3233 vero
558 3169 715 3232 ferri
758 3164 938 3229 nullo
987 3164 1179 3228 modo
1215 3176 1445 3248 potest,
1490 3176 1560 3227 ut
1587 3156 1917 3249 quisquam
1956 3161 2141 3227 nobis
2184 3177 2450 3249 persua-

360 3275 513 3335 dere
567 3281 869 3342 conetur,
928 3263 1185 3328 aculeos
1228 3264 1424 3349 hujus
1468 3262 1726 3328 fabulae
1770 3256 2268 3330 contumeliosos
2313 3288 2448 3332 non
2533 3300 2538 3305 ·

337 3354 441 3435 ‘ad
486 3366 942 3455 philosophum
986 3369 1328 3451 pertinere,
1374 3364 1494 3450 sod,
1534 3368 1612 3430 ad
1658 3363 2002 3449 discipulos
2046 3368 2350 3451 quosdam
2383 3381 2453 3433 et

358 3453 472 3537 eos
517 3482 939 3535 accusatores.
1002 3466 1187 3543 Quae
1215 3492 1409 3555 quum
1441 3473 1542 3533 ita
1580 3471 1730 3548 sint,
1766 3469 2215 3548 concedamus,
2256 3469 2458 3553 aliam,

357 3574 644 3640 fabulam
710 3572 910 3636 fuisse
966 3568 1192 3636 Nubes
1248 3574 1527 3658 primas,
1603 3571 1906 3653 scriptam
1975 3574 2044 3634 in
2087 3571 2490 3637 Socraticos.

357 3679 702 3763 quosdam,
774 3676 1003 3765 impios
1059 3672 1502 3738 adolescentes
1559 3686 1626 3735 et
1687 3670 1899 3761 litium
1955 3673 2494 3749 amantissimos,⁴
2593 3725 2609 3739 ,

284 3800 293 3809 “
359 3778 553 3842 aliam
594 3776 819 3853 Nubes
878 3777 1228 3854 secundas,
1281 3778 1350 3838 in
1408 3796 1531 3859 qua
1587 3772 1812 3839 multo‘
1833 3779 2061 3853 etiam,
2120 3794 2306 3858 quam
2350 3772 2452 3839 illi

357 3894 580 3959 antea,
652 3881 875 3946 durius
946 3891 1134 3964 atque
1207 3878 1497 3961 asperius
1556 3875 1855 3941 Socrates
1911 3879 2055 3961 ipse
2128 3887 2451 3940 tractatur.

357 3980 541 4048 Alter
603 3978 824 4059 locus,
887 4002 1072 4066 quem
1132 4000 1171 4042 a
1198 3977 1411 4043 Viris
1455 3976 1706 4045 Doctis
1780 3981 2014 4075 pariter
2089 3971 2452 4063 neglectum

354 4089 588 4162 miror,
650 4079 918 4147 multum
966 4095 1030 4146 et
1083 4084 1221 4167 ipse
1266 4082 1528 4166 prodest
1578 4082 1658 4147 ad
1720 4091 2162 4166 argumentum
2215 4080 2451 4165 prioris

212 4244 219 4249 .
269 4261 277 4266 ,
353 4184 651 4274 fabulae
678 4188 746 4249 in
819 4183 1030 4248 lucem
1099 4172 1571 4269 proferendum.
1661 4180 1971 4259 Quamvis
2030 4184 2201 4246 enim
2263 4190 2453 4267 poeta

366 4394 389 4439 ι
665 4371 672 4378 ’
1158 4430 1189 4439 2
1240 4388 1244 4393 ·

802 4486 809 4497 ,
1165 4444 1181 4487 ι
