2759 4850
460 342 493 361 ἰ’
520 359 524 365 .

362 450 459 524 84
856 459 964 515 ns
1015 455 1383 515 ιιιιᾼιιοιε
1434 451 1861 517 wunnerus
1965 461 1975 509 ς

361 632 621 700 Diutius
661 625 881 715 paullo
919 605 1000 693 'in
1043 626 1352 693 memoria
1394 620 1707 688 Patroclis
1751 620 1958 684 dicam
2015 632 2188 683 anne
2223 612 2451 687 Patro-

256 732 261 739 ’
364 735 535 805 olum
592 752 917 798 moramur
961 729 1246 794 Socratis
1299 727 1701 813 potissimum
1759 743 1975 786 causa.
2060 718 2320 783 Etenim
2354 735 2452 780 ex

366 836 773 920 Euthydemo
803 831 1090 897 Platonis
1117 852 1177 915 p
1209 837 1359 908 444,
1411 832 1490 891 12
1518 825 1574 891 B
1604 828 1694 910 (p.
1729 829 1878 901 297,
1905 823 2005 908 E)
2041 821 2451 908 perspicitur,

369 937 725 1006 Patroclem
765 934 1083 1020 quendam
1125 930 1412 995 Socratis
1451 929 1714 991 fratrem
1758 928 2080 1013 uterinum
2119 924 2323 987 fuisse
2367 919 2456 984 ob

370 1042 837 1107 Phaenaretam
907 1034 1317 1099 obstetricem
1388 1043 1655 1097 matrem
1726 1031 2087 1113 utriusque.
2169 1022 2466 1111 patribus

370 1145 541 1208 enim
581 1141 855 1205 diversis
900 1139 1038 1201 nati
1072 1146 1285 1211 eraut,
1316 1130 1753 1202 Chaeredemo
1784 1127 2129 1206 Patrocles,
2159 1122 2460 1191 Socrates

374 1258 584 1308 autem
618 1240 1074 1327 Sophronisco.
1122 1235 1267 1300 Jam
1301 1233 1731 1319 spanhemius
1772 1231 1818 1298 l.
1846 1231 1917 1310 l.,
1963 1231 2133 1317 quod
2169 1243 2462 1313 tempora

372 1349 535 1413 mire
580 1353 955 1428 congruant,
995 1335 1449 1421 Aristophanis
1481 1332 1838 1399 Patroclem
1868 1356 1910 1397 a
1938 1326 2223 1396 Socratis
2260 1330 2461 1395 fratre

374 1469 505 1513 non
559 1458 765 1533 putat
794 1439 1314 1527 distinguendum
1375 1458 1556 1512 esse;
1619 1433 1904 1500 Beckius
1946 1434 2114 1499 hanc
2150 1455 2286 1501 rem
2331 1452 2463 1497 non

375 1551 570 1616 audet
610 1550 990 1622 decernere,
1043 1539 1156 1607 alii
1199 1541 1473 1624 denique
1528 1540 1746 1621 ajunt,
1803 1535 1919 1600 alii
1966 1539 2158 1601 etiam
2202 1547 2466 1620 negant.

322 1714 325 1717 .
378 1644 636 1717 Addere
688 1658 940 1735 poterat
983 1639 1446 1733 Spanhemius‚
1506 1636 1755 1703 comici
1789 1637 2150 1705 Patroclem
2193 1660 2233 1701 a
2275 1636 2467 1702 sobo-'-

375 1753 570 1818 liasta
613 1744 905 1832 κακόβιόν
936 1770 1076 1810 τινα
1100 1745 1251 1821 dici,
1290 1755 1478 1828 atque
1508 1745 1604 1806 sic
1646 1741 1834 1828 plane
1862 1742 2179 1806 Socrati-is
2203 1740 2468 1803 fratrem

382 1877 512 1920 non
557 1852 764 1916 videri
821 1840 1150 1912 hominem
1205 1846 1446 1930 optime
1502 1858 1814 1910 moratum
1854 1845 2099 1924 fuisse,
2152 1842 2470 1928 siquidem

382 1971 448 2025 et
487 1957 718 2020 mirum
733 1948 1189 2037 Xenophontis
1234 1958 1759 2034 caeterorumque
1803 1947 1906 2011 de
1926 1945 2052 2009 hoc
2090 1947 2232 2009 viro
2270 1942 2472 2008 silen-

380 2062 542 2124 tium
583 2056 886 2139 ostendit,
930 2044 1286 2125 Patroclem
1332 2048 1587 2114 Socrati
1629 2073 1759 2116 non
1800 2049 2142 2112 admodum
2182 2042 2492 2111 fraterno

385 2180 602 2226 amore
626 2158 1061 2240 conjunctum
1107 2173 1251 2216 esse
1294 2164 1360 2214 et
1402 2153 1572 2237 apud
1616 2147 2024 2217 Platoneml.
2055 2149 2099 2213 l.
2141 2152 2282 2234 ipse
2324 2147 2471 2233 phi-

361 2259 691 2346 losophus
734 2257 951 2321 fratris
996 2253 1331 2318 stultitiam
1373 2251 1500 2316 his
1521 2252 1737 2331 verbis
1780 2254 2087 2336 exagitat,
2131 2246 2182 2315 6
2211 2249 2271 2314 δ’
2321 2247 2473 2331 ἐμὸς

380 2363 623 2438 Ἰόλεως
652 2354 1027 2441 Πατροκλῆς
1082 2356 1136 2418 εἲ
1190 2351 1400 2432 ἔλθοι,
1458 2352 1643 2416 πλέον
1701 2351 1778 2417 ἂν
1773 2352 2095 2442 θὸίτερον
2148 2351 2475 2437 ποιήσειεν.

386 2463 550 2531 Nos
571 2476 785 2526 utrum
828 2458 1109 2521 Socratis
1170 2456 1468 2533 fratrem,
1526 2477 1607 2518 an
1652 2454 1850 2524 alium
1896 2456 2212 2541 quendam
2258 2454 2477 2519 Patro-
2541 2525 2549 2537 ι

390 2549 575 2631 clem
593 2562 810 2627 riserit
847 2535 1339 2643 Aristophane&
1379 2559 1450 2620 in
1492 2559 1706 2622 medio
1749 2556 2208 2656 relinquamus.

560 2662 787 2749 Neque
831 2663 1001 2725 enim
1053 2659 1371 2725 Patroclis
1419 2664 1677 2725 nomine
1731 2641 2050 2746 rebusque
2105 2664 2305 2748 gestis
2362 2661 2484 2725 de-
2547 2725 2556 2744 ,

391 2769 597 2835 functi
626 2775 892 2838 *sumum
949 2763 1159 2827 adhuc
1198 2775 1397 2827 restat
1440 2761 1769 2830 Patrocles
1808 2765 2176 2827 statuarius.
2263 2761 2394 2827 Hic
2437 2785 2480 2827 a

394 2870 605 2937 Plinio
680 2865 759 2931 A.
817 2862 903 2931 N.
961 2864 1298 2945 XXXIV,
1362 2871 1443 2930 19
1493 2889 1640 2931 cum
1686 2863 1990 2929 Canacho
2064 2863 2335 2951 aliisque
2396 2866 2484 2930 ad

386 2960 695 3062 *XCVtam
727 2966 1176 3054 Olympiadem
1218 2969 1515 3048 refertur,
1550 2970 1846 3054 idemque
1889 2990 1926 3030 a
1956 2965 2271 3031 Pausania
2305 2987 2485 3031 com-

334 3113 337 3116 ·
395 3069 785 3140 memoratus
813 3084 927 3135 est
937 3071 1044 3147 X,
1069 3076 1133 3148 9,
1163 3078 1207 3134 4
1247 3067 1688 3155 Πατροκλέους
1727 3070 1796 3135 δὲ
1839 3071 1939 3135 καὶ
1966 3066 2261 3150 Κανάχου
2288 3069 2485 3155 φασιν

398 3202 566 3262 εργα,
602 3173 715 3240 ubi
736 3169 1025 3254 Bekkeri
1055 3167 1274 3235 Codex
1317 3193 1437 3257 pro
1481 3171 1551 3236 δὲ
1591 3173 1693 3236 καὶ
1737 3171 2067 3237 substituit
2111 3171 2182 3234 δὲ
2225 3196 2275 3236 ει
2315 3195 2374 3236 οι
2418 3197 2485 3236 αι

352 3265 356 3274 ’
399 3278 637 3360 (καὶΡ),
680 3275 748 3338 id
793 3286 892 3337 est
936 3294 1064 3338 non
1111 3275 1364 3358 quidem
1412 3273 1480 3337 δὲ
1523 3270 1673 3339 εἶναι
1714 3277 1846 3354 καί,
1892 3288 1964 3339 ut
2002 3270 2371 3338 Boeckhius
2417 3287 2485 3354 et

362 3376 741 3458 „Bekkerus
789 3388 1074 3453 censent,
1116 3376 1231 3440 sed
1277 3376 1347 3440 δὲ
1389 3374 1594 3445 ἔνιοι,
1626 3377 1728 3441 καὶ
1756 3417 1868 3442 --.
1954 3374 2485 3440 Hemsterhusius

399 3481 597 3566 igitur
624 3479 701 3541 ad
733 3478 891 3541 Luc.
924 3475 1147 3541 Somn.
1183 3500 1238 3541 c.
1273 3484 1352 3543 12
1397 3477 1753 3546 Patroclem
1786 3481 2163 3543 statuarium
2191 3501 2231 3542 a
2255 3478 2488 3542 Socra-⁴

400 3584 518 3647 tris
577 3582 775 3645 fratre
844 3574 1243 3667 ὁμομητρίῳ,
1323 3584 1474 3668 quia
1525 3583 1835 3667 temporis
1876 3583 2057 3644 ratio
2113 3584 2272 3646 satis
2333 3601 2487 3644 con·-

322 3737 329 3751 .
403 3685 638 3762 veniat,
682 3704 812 3758 non
857 3702 1000 3746 esse
1031 3683 1356 3749 diversum
1402 3688 1718 3773 opinatur.
1803 3680 1935 3746 Hic
1970 3677 2488 3769 singularealio-

402 3787 513 3871 qui
568 3786 786 3869 magni
843 3786 968 3848 viri
1028 3785 1347 3867 judicium
1404 3786 1593 3851 valde
1650 3789 1968 3857 desidero.
2068 3783 2365 3872 Namque
2425 3796 2492 3856 et

401 3882 864 3958 Atheniensem
911 3888 1172 3951 omnino
1216 3886 1389 3980 hunc
1426 3888 1783 3954 Patroclem
1825 3875 2054 3968 fuisse,
2094 3893 2274 3975 prius
2317 3898 2490 3953 certe
2529 3941 2532 3954 f
2603 3949 2614 3956 ,

403 3988 902 4053 demonstratum
961 3989 1334 4073 oportebat,
1396 4010 1608 4075 quam
1644 4013 1793 4056 eum
1843 3983 2107 4057 fratrem
2164 3993 2491 4082 exstitisse

406 4081 715 4155 Socratis
733 4089 756 4170 (
775 4109 966 4152 nemo
1008 4113 1174 4155 unus
1219 4090 1431 4155 autein
1466 4091 1821 4173 Patroclem
1863 4094 2242 4158 statuarium
2282 4095 2490 4157 civem

342 4195 353 4210 ⁸
402 4189 688 4274 Atticum
731 4189 959 4272 fecit),
1014 4207 1080 4256 et
1132 4181 1305 4258 illud
1348 4192 1541 4279 plane
1586 4198 1819 4274 miror,
1890 4214 2022 4259 nou
2091 4193 2516 4283 expunxisse

401 4295 839 4378 conjecturam
882 4295 1075 4360 istam
1115 4293 1719 4377 Hemsterhusium',
1756 4297 1875 4362 sed
1916 4294 2082 4362 haee
2118 4299 2334 4389 potius
2378 4297 2490 4364 ad-
