2759 4850
501 430 650 500 276
976 441 1080 497 ns
1129 440 1473 498 soem-rs
1522 440 1799 499 νιιτιιιι.
1853 438 2106 499 come.

497 608 644 675 fieri
697 608 1039 673 admodum
1080 606 1415 693 splendide
1460 619 1738 728 poterat,
1792 619 1927 671 tum
1970 604 2375 671 necessario
2433 605 2621 670 scribi

500 711 779 777 debebat
818 707 1379 791 Δεκάκρουνον
1424 708 1497 772 τὸ
1541 706 1764 788 στόμα.
1841 707 2099 772 Etenim
2127 701 2428 791 pulchre
2459 709 2619 771 dice·

502 828 681 880 retur
721 815 930 897 major
972 814 1071 875 vis
1114 811 1360 897 ingenii
1401 831 1581 890 esse,
1614 829 1818 895 quam
1841 809 2038 872 fontis
2068 809 2619 893 rapidi3veru1n

504 928 743 1003 quanto
794 913 942 999 plus
1014 915 1320 977 scaturiat
1364 908 1666 977 Cratinus
1719 912 1846 974 isto
1902 908 2124 989 fonte,
2202 913 2275 975 id
2342 911 2614 977 definire

500 1019 748 1082 nemini
802 1014 1005 1093 licet,
1048 1016 1282 1078 nedum
1315 1022 1580 1099 poetae,
1637 1026 1859 1099 estque
1909 1034 2066 1075 sane
2118 1013 2472 1097 putidum,
2525 1018 2611 1078 ita

499 1118 712 1206 loqui:
768 1117 916 1182 fons
961 1118 1239 1181 eximius
1294 1133 1527 1180 novem
1583 1112 1778 1178 habet
1833 1113 2159 1178 scatebras
2176 1119 2204 1192 ,'
2258 1117 2606 1200 ingenium

496 1239 655 1285 vero
698 1240 914 1285 meum
958 1218 1164 1284 tribus
1197 1221 1348 1282 totis
1377 1215 1575 1281 habet
1600 1215 1899 1302 amplius,
1943 1214 2070 1280 hoc
2102 1228 2204 1281 est
2234 1217 2600 1282 duodecim.

501 1320 722 1399 Quare
797 1342 994 1408 quum
1056 1317 1558 1404 δωδεκάκρουνον
1612 1319 1684 1384 τὸ
1734 1315 1938 1401 στόμα
1996 1320 2067 1381 in
2126 1318 2601 1386 dubitationem

442 1441 447 1454 '
495 1426 720 1489 vocari
751 1444 880 1487 non
911 1425 1133 1509 possit,
1181 1424 1480 1487 videntur
1508 1432 1653 1506 post
1693 1434 1983 1505 tempora
2014 1420 2342 1484 Pisistrati
2374 1422 2460 1486 ad
2494 1444 2600 1486 no-

495 1545 644 1588 vem
693 1526 959 1608 priores.
983 1522 1089 1604 vel
1128 1523 1294 1587 duae
1343 1517 1468 1584 vel
1453 1535 1627 1586 tres
1672 1541 1886 1585 novae
1920 1520 2177 1586 fistulae
2211 1528 2594 1604 accessisse,
2647 1573 2652 1582 .

496 1624 1029 1712 quemadmodum
1067 1626 1209 1707 jam
1246 1623 1587 1704 Olearws,
1623 1623 1919 1688 fortassis
1960 1626 2156 1687 etiam
2195 1623 2594 1691 Hoerduimts

493 1728 805 1812 suspicati
845 1737 1016 1790 sunt.
1104 1721 1290 1800 Quae
1318 1709 1638 1789 sententia
1665 1723 1840 1789 haud
1865 1727 2278 1790 mediocriter
2319 1749 2362 1790 a
2383 1752 2597 1814 gram·

490 1831 747 1895 maticis
792 1828 892 1892 his
935 1826 1375 1907 confirmatur,
1413 1827 1496 1892 ab
1523 1826 1855 1910 Hesychia
1878 1828 1945 1891 A
1956 1852 2007 1892 ω
2023 1826 2593 1915 δεκακρουνος

480 1930 790 2017 Ἀθήνῃσι
848 1929 1080 2016 κρήνη,
1149 1927 1228 2014 ἣν
1281 1927 1429 1995 ἔνιοι
1478 1926 1950 2013 Ἐννεάκρουνον
1993 1927 2223 2014 φάσιν,
2287 1931 2472 2000 αλλοι
2526 1937 2592 2000 δε

488 2031 852 2118 Καλλιροην
908 2036 1200 2096 καλοῦσαι
1255 2044 1321 2095 et
1373 2053 1416 2093 a
1461 2029 1664 2095 Suida
1708 2029 1809 2095 bis
1862 2031 2592 2121 Δωδεκάκρουνοςτ

488 2132 682 2220 κρήνη
761 2132 1131 2221 Ἀθήνησιν,
1219 2132 1298 2218 ἢν
1366 2133 1761 2217 Θουκυδίδης
1814 2130 2307 2218 Ἐννεάκρουνον.
2403 2154 2588 2228 atque

480 2233 1136 2320 Ἐννεάκρουνονε
1212 2234 1406 2318 κρήνη
1477 2233 1815 2319 Ἀθήνησιν
1882 2262 1961 2319 ην
2029 2237 2588 2327 Δωδεκάκρουνος.

490 2337 888 2420 Θουκυδίδης
952 2336 1022 2399 δὲ
1070 2332 1570 2418 Ἐννεάκρουνον.
1655 2334 1826 2400 Nam
1872 2359 2035 2423 quae
2080 2338 2351 2407 Tzetzis
2396 2344 2588 2410 fuerit

486 2440 830 2515 sententia,
875 2457 1101 2522 parum
1130 2433 1350 2523 liquet.
1396 2436 1581 2501 Haec
1608 2435 1840 2504 leviter
1865 2443 2145 2507 intuenti
2176 2445 2357 2508 idem
2385 2450 2587 2517 cuivis

484 2540 555 2603 in
587 2551 869 2604 mentem
911 2541 1148 2615 veniet,
1191 2539 1363 2623 quod
1393 2538 1551 2607 olim
1595 2541 1880 2622 Waseio,
1910 2543 2231 2625 Kartera,
2254 2546 2585 2625 Mem-sio,
2623 2578 2630 2595 ν

459 2630 805 2719 ‘Duker-o5'
826 2637 991 2704 nihil
1032 2637 1135 2704 illi
1175 2645 1739 2726 grammaticorum
1780 2650 2128 2731 memoriae
2170 2648 2589 2731 tribuendum

481 2765 663 2823 esse,
710 2744 946 2830 quippe
1005 2764 1170 2831 quae
1230 2764 1318 2807 ex
1372 2766 1505 2809 uno
1551 2742 1818 2811 Cratino
1860 2747 2263 2833 profluxerit.
2366 2751 2453 2816 Id
2508 2755 2588 2820 de

406 2891 411 2897 -
479 2842 685 2914 Suida
714 2848 829 2909 vix
853 2843 1151 2913 obtineri
1163 2860 1401 2932 potest,
1437 2848 1517 2911 de
1537 2836 1872 2930 Hesychio
1901 2862 2114 2916 autem
2141 2850 2323 2919 nullo
2353 2857 2585 2922 modo:

476 2946 587 3013 hic
645 2950 820 3012 enim
872 2961 1010 3021 tam
1060 2950 1249 3014 docte
1293 2951 1549 3034 scripsit
1591 2938 1846 3037 tamque
1890 2956 2178 3038 graviter
2213 2953 2389 3020 hanc
2447 2981 2588 3024 rem

473 3047 860 3139 inculcavit,
910 3063 983 3115 ut
1014 3073 1143 3115 non
1172 3053 1515 3115 miraturus
1546 3055 1702 3131 sim,
1724 3054 1807 3147 ⁸si
1849 3057 1992 3140 quis
2026 3055 2186 3120 haec
2216 3079 2252 3120 e
2281 3058 2586 3144 Polyste-

374 3218 379 3231 ,
471 3150 674 3236 phani
713 3172 914 3234 usque
958 3150 1128 3215 libro
1156 3155 1294 3240 περὶ
1332 3159 1573 3240 κρηνῶν
1604 3157 1952 3241 repetierit.
2013 3156 2315 3245 Denique
2345 3174 2424 3225 ut
2453 3185 2587 3230 non

475 3249 688 3316 solum
731 3254 1477 3335 grammaticis,-verum
1504 3259 1696 3323 etiam
1725 3259 1851 3345 ipsi
1882 3259 2145 3326 Cratino
2175 3262 2583 3347 consulatur,

472 3355 569 3416 ita
625 3366 837 3418 statuo
897 3375 1131 3418 novem
1189 3357 1516 3442 prioribus
1576 3372 1707 3424 tres
1777 3361 1969 3427 alios
2002 3364 2193 3429 tubos
2264 3365 2586 3455 deinceps

471 3455 723 3521 additos
780 3475 927 3519 esse
984 3459 1198 3542 itaque
1242 3457 1476 3524 factam
1521 3459 2087 3549 Δωδεκάκρουνον,
2151 3489 2319 3554 quae
2385 3485 2582 3537 antea

461 3554 942 3643 Ἐννεάκρουνος
1012 3559 1252 3624 fuerat:
1328 3553 1624 3627 solebant
1687 3567 1863 3631 enim
1919 3565 2356 3636 Athenienses
2430 3574 2581 3639 odio

416 3670 428 3695 ⁸
471 3662 829 3742 tyrannidis
862 3660 1411 3725 Pisistratidarum
1451 3685 1645 3749 opera
1672 3670 1902 3751 partim
1930 3671 2289 3735 immutare.
2362 3672 2581 3741 Vetus

469 3773 685 3823 autem
728 3783 1006 3846 nomen,
1048 3765 1342 3846 quamvis
1388 3786 1427 3826 a
1471 3786 1639 3829 novo
1682 3770 1974 3834 instituto
2020 3769 2327 3856 alienum,
2373 3775 2580 3863 vulgo

402 3874 413 3885 '
469 3874 717 3938 tamen,
777 3878 849 3940 ut
891 3863 995 3942 fit,
1050 3877 1367 3928 retentum
1412 3886 1594 3946 esse,
1646 3870 1804 3954 quis'
1835 3876 2071 3956 poterit
2104 3878 2256 3958 jure
2302 3881 2578 3945 mirari!

362 4045 373 4057 .
469 3960 875 4053 Quapropter
915 3963 1399 4050 ’Ἐννεάκρουνος
1457 3990 1587 4033 non
1661 3973 1853 4036 modo
1896 3972 2312 4060 Thucydides
2375 3982 2574 4062 dixit,

462 4065 577 4131 sed
608 4068 801 4139 etiam
830 4064 970 4145 alii,
1003 4066 1202 4133 veluti
1222 4069 1584 4134 Pausanias
1613 4070 1721 4141 l.l.
1755 4087 1820 4137 et
1850 4075 2173 4161 Lucianus
2199 4083 2269 4145 in
2286 4080 2579 4150 Timone
2627 4088 2637 4125 *¹

460 4189 517 4233 c..
547 4172 666 4248 56,
711 4190 991 4254 quorum
1032 4172 1291 4256 quidem
1334 4173 1653 4239 aetatibus
1696 4175 1868 4241 hunc
1905 4179 2151 4248 fontem
2193 4205 2404 4270 neque
2447 4204 2578 4251 no·-

443 4270 644 4350 'vem-,
692 4291 903 4365 neque
945 4272 1284 4339 duodecim
1329 4271 1605 4361 amplius
1651 4276 1953 4349 tuborum
1991 4281 2195 4351 fuisse
2236 4288 2574 4353 existimo.
