2759 4850
968 460 1639 521 DrsSER'rA'rm.
1944 509 1950 512 Α
2208 456 2363 525 179

238 617 587 717 quoniam,
630 628 690 693 si
726 639 1014 720 tempora
1042 600 1450 709 fabularum,
1492 651 1623 695 non
1661 617 1995 695 literarum
2037 633 2354 722 ordinem,

236 735 556 852 seq-nare,
600 728 826 795 Nubes
854 709 903 794 1⁴
924 732 1187 795 omnino
1231 732 1452 819 quinta
1497 744 1598 797 est
1621 721 1845 797 fabula
1872 728 2354 820 Aristophanis.

234 836 386 898 nisi
427 832 572 897 lnce
616 830 851 897 clarius
894 845 1089 911 esset,
1121 830 1623 919 Aristophanem
1653 856 1694 898 a
1721 832 1955 898 Photio
1989 836 2116 899 diei
2144 837 2357 902 forma

236 935 555 1020 πέτευρον
595 956 786 999 usum
828 955 1007 1010 esse,
1037 955 1245 1022 neque
1287 936 1442 1001 vero
1487 934 1691 1000 altera
1723 934 2046 1023 πέταυρον,
2089 939 2157 1002 id
2186 941 2358 1025 quod

233 1025 633 1123 Reiszgim,
679 1035 760 1100 ab
793 1035 1174 1101 Hermanno
1220 1038 1526 1116 monituS,
1572 1041 1714 1123 ipse
1761 1041 2045 1123 agnovit.
2125 1038 2353 1127 Neque
2412 1035 2445 1116 3‘

236 1161 328 1203 eo
378 1140 591 1226 magis
635 1129 848 1203 tamen
893 1137 975 1204 ab
1017 1139 1143 1202 ista
1200 1141 1510 1226 opinione
1562 1142 1664 1203 vir
1705 1141 2008 1233 egregius
2050 1145 2374 1216 recedere.

234 1242 486 1328 potuit,
526 1262 753 1307 verum
783 1254 854 1306 ιιι
880 1239 1179 1306 Nubibus
1221 1261 1285 1304 v.
1313 1241 1609 1327 πέτευρον
1639 1242 2022 1323 vindicaret,
2054 1248 2235 1331 quasi
2269 1245 2355 1311 ad

237 1342 543 1430 aliquam
585 1363 787 1466 aram,
833 1345 928 1407 sic
972 1343 1052 1406 ad
1082 1339 1415 1405 Pollucem
1447 1343 1555 1422 X,
1590 1347 1734 1407 156.
1779 1343 2102 1434 confugit·
2141 1346 2357 1411 πέτευ-

241 1470 370 1529 ρον
418 1443 519 1544 δέ,
566 1467 640 1507 ου
678 1442 793 1520 τὰς
833 1444 1159 1518 ἐνοικιδίας
1201 1441 1469 1530 ορνιθας
1511 1440 1904 1534 ἐγκαθεύδειν
1944 1447 2351 1531 συμβέβηκεν,

112 1555 121 1558 ’
231 1517 703 1633 Ἀριστοφάνης
743 1545 913 1649 λέγει,
951 1542 1156 1630 ὥσπερ
1200 1546 1303 1610 και
1345 1544 1739 1634 κρεμάστραν
1766 1546 1831 1609 ἓν
1859 1555 1998 1622 ταῖς
2022 1550 2355 1640 Νεφέλαις.

243 1647 394 1726 Qui
430 1650 492 1712 si
490 1642 828 1713 Pollucis
828 1645 1044 1711 libros
1083 1645 1305 1732 paullo
1348 1651 1556 1734 magis
1599 1650 1922 1727 trivisset,
1970 1648 2075 1713 vel
2097 1651 2359 1739 aliquot

239 1752 450 1816 modo
494 1752 706 1842 capita
733 1752 1027 1835 proxima
1057 1750 1318 1816 assiduo
1359 1748 1761 1836 perlegisset,
1797 1770 2006 1833 neque
2036 1754 2357 1820 decimum
2455 1807 2463 1815 .

116 1856 121 1861 ’
238 1850 496 1918 librum
540 1843 868 1936 tantopere
913 1849 1411 1940 admiraretur,
1403 1871 1627 1936 neque
1656 1847 1942 1913 Pollucis
1975 1872 2358 1923 sermonem

245 1955 338 2019 ad
384 1952 770 2036 elegantiam
817 1933 1363 2035 subtilitatemque
1401 1941 1758 2044 Atticorum
1803 1950 2066 2035 exigere
2118 1954 2358 2024 frustra
2397 1989 2418 1994 ¹

244 2064 635 2150 conaretur,
695 2052 813 2114 sed
870 2050 979 2112 hic
1039 2052 1296 2135 quidem
1356 2054 1581 2137 pingui
1620 2052 1957 2131 Minerva,
2017 2068 2090 2119 ut
2146 2062 2351 2142 ajunt,

247 2153 484 2223 sedulo
528 2174 719 2239 agere
765 2149 1115 2215 maluisset.
1200 2150 1453 2216 Pollux
1469 2156 1640 2219 enim
1673 2158 1731 2219 si
1770 2153 2065 2238 πέτευρον
2106 2181 2355 2247 quoque

248 2256 353 2324 ad'
370 2254 595 2322 Nubes
637 2252 995 2334 retulisset,
1031 2266 1144 2317 aut
1184 2255 1428 2326 diceret
1464 2258 1579 2334 ita,
1617 2258 1711 2320 uti
1744 2267 1877 2319 tum
1910 2255 2102 2338 solet,
2140 2262 2353 2327 πέτευ-

243 2381 373 2449 ’ρον
416 2359 484 2426 δὲ
512 2396 591 2409 --
627 2354 1080 2445 ᾉριστοφάνης
1128 2355 1289 2441 λέγει
1341 2355 1408 2419 ἓν
1447 2365 1589 2433 ταῖς
1615 2356 1972 2446 Νεφέλαις,
2017 2362 2120 2424 καὶ
2164 2355 2355 2442 αυθις

248 2460 670 2550 κρεμάστραν,
717 2473 830 2524 aut
864 2456 1093 2523 saltem
1136 2458 1332 2523 verba
1374 2461 1470 2523 sic
1509 2463 1682 2525 inter
1727 2482 1799 2524 se
1824 2462 2157 2543 junxisset
2179 2469 2267 2531 A.
2295 2472 2353 2533 λ.

218 2566 324 2660 ,ἐν
367 2568 506 2637 ’ὶάἴς
532 2561 860 2646 Νεφέλαις,
909 2554 978 2624 ὥ.
1023 2585 1079 2623 κ.
1122 2586 1220 2624 κ..·
1265 2562 1362 2623 uti
1405 2582 1575 2624 nunc
1620 2575 1737 2638 est,
1781 2562 2175 2646 κρεμάστραν
2211 2582 2354 2634 tan·
2403 2552 2410 2557 .

184 2740 187 2743 ,
253 2682 398 2730 ιιιιιι
435 2661 801 2726 eNubibus
847 2661 1072 2738 affert,
1115 2660 1408 2744 πέτευρον
1453 2662 1676 2727 tribuit
1699 2663 2159 2748 Aristophani,
2202 2666 2351 2736 loco

251 2770 405 2853 ipso
460 2785 591 2829 non
651 2765 1008 2848 designato.
1094 2759 1456 2825 Lubentius
1510 2765 1892 2827 crediderim
1934 2766 2203 2833 verbum
2243 2772 2354 2836 πέ-

254 2891 480 2953 τευρον
537 2879 649 2932 aut
707 2866 790 2930 ad
847 2859 1195 2949 Pelargos,
1256 2863 1438 2927 unde
1488 2875 1782 2927 servatus
1839 2877 1970 2977 est
1995 2866 2184 2934 nobis
2223 2871 2353 2938 hic

243 2970 552 3073 senarius

611 3072 700 3137 Τι’
739 3069 816 3156 δὴ
858 3068 970 3136 τὸν
1013 3065 1326 3154 ὀρνίθειον
1369 3068 1640 3135 οῗκίσκον
1679 3068 1923 3157 φίρειςς

258 3187 375 3241 aut
403 3175 483 3239 ad
508 3173 861 3252 Holcades,
905 3170 1025 3280 ubi,
1063 3170 1177 3235 alii
1219 3175 1621 3259 grammatici
1649 3175 2030 3239 invenerant
2064 3177 2349 3257 οῗκίσκος,
2375 3244 2388 3269 ζ

254 3291 586 3373 tanquam
603 3279 671 3340 in
715 3290 998 3340 veterem
1002 3268 1267 3353 sedem,
1309 3275 1533 3339 reduci
1563 3274 1819 3339 debere.
1865 3273 2150 3343 Omnino
2190 3279 2353 3349 haee

261 3400 516 3467 quoque
570 3383 848 3444 incerta.
917 3378 1032 3443 sed
1091 3389 1306 3441 tamen
1365 3397 1477 3439 cur
1536 3376 1655 3440 has
1701 3376 1962 3443 fabulas
2015 3380 2351 3468 eligamus,

260 3475 477 3568 aliqua
506 3494 731 3566 potest
771 3502 967 3545 causa
1007 3478 1402 3564 excogitari,
1448 3498 1563 3542 cur
1605 3476 1829 3543 Nubes
1886 3482 2025 3545 sive
2080 3488 2347 3569 primast,

256 3587 400 3652 sive
442 3584 780 3661 secundas,
819 3594 891 3645 ut
930 3568 1091 3644 mihi
1134 3580 1392 3668 quidem
1425 3554 1711 3658 videtur,
1758 3577 1956 3652 n-.ulla
2041 3578 2364 3652 Omnium*

257 3688 529 3751 minime
566 3705 723 3749 vero
760 3681 993 3746 sellem
1033 3681 1157 3746 hoc
1196 3683 1473 3747 dixisset
1501 3666 1874 3769 Remigius,
1907 3696 2051 3768 post
2091 3705 2349 3752 versum
2423 3744 2452 3765 x

180 3766 189 3793 ⁵
264 3792 430 3852 1067
478 3788 674 3872 adjici
715 3805 905 3871 posse
947 3783 1119 3849 hunc
1162 3797 1611 3851 tetrametrum
1689 3840 1696 3846 .

348 3883 550 3976 οἲςπερ
589 3888 748 3975 μέγα
791 3894 1025 3973 φρονεῖ
1045 3892 1282 3969 μᾶλλον
1328 3884 1370 3970 ἢ
1410 3886 1663 3971 Πηλεὺς
1703 3886 1801 3950 ἐπὶ
1841 3890 1923 3972 τῇ
1962 3891 2264 3981 μαχαῖρα.

210 3956 374 4077 'iqui
411 4010 495 4053 ne
539 4003 639 4057 est
681 3990 938 4077 quidem
965 3986 1435 4075 Aristophanis.
1508 3986 1805 4075 Namque
1846 3989 2018 4073 apud
2046 3988 2349 4058 Photium

257 4096 483 4169 428,2
489 4133 545 4169 .,
592 4111 866 4176 quocum
908 4094 1320 4154 consentiunt
1351 4090 1724 4173 Hesychius
1764 4101 1828 4153 et
1864 4089 2353 4177 Suidas·11n-

260 4192 348 4257 λε’
355 4215 452 4267 ως
492 4189 880 4279 μάχαιρα.-
921 4193 1260 4277 παροιμία·
1303 4188 1541 4277 ταύτην
1583 4188 1924 4278 ἀναγράφει
1956 4191 2052 4278 (ἐκ
2078 4191 2355 4280 πλήρους

262 4295 411 4362 add.
440 4291 851 4381 Hesychius)
893 4295 996 4362 καὶ
1029 4284 1483 4383 Ἀριστοφάνης
1524 4292 1758 4370 ουτως·
1820 4319 1869 4376 μ
1882 4293 1935 4436 ε’*
1924 4317 1963 4379 γ
1974 4318 2017 4360 α
2068 4316 2119 4380 φ
2134 4318 2173 4383 ρ
2188 4320 2220 4362 ο
2237 4319 2313 4383 νε
2328 4305 2363 4362 ἲ·

1775 4400 1806 4458 1
1818 4400 1858 4458 2

1815 4686 1829 4725 l
