2759 4850
1376 121 1415 152 j

343 323 484 398 168
570 291 572 294 ’
638 270 643 274 ·
790 333 895 392 os
945 299 1289 396 socnam
1339 333 1619 392 vsa-sa,
1670 329 1926 396 come.
2028 386 2036 394 .

339 514 603 582 tentem,
642 504 840 570 etiam
877 503 947 569 in
993 500 1330 590 disciplina
1371 498 1634 568 scholae
1675 522 1832 570 suae
1875 498 2191 587 quaedam
2230 503 2441 572 inusi-

341 618 472 669 tate
511 603 750 685 moliri,
796 626 994 691 quum
1031 601 1474 691 indulgentiae
1502 604 1910 696 severitatem
1938 604 2033 670 ita
2058 601 2439 685 adm'mceat,

342 718 417 771 ut
471 706 686 772 verbis
743 706 1038 772 homines
1103 708 1420 792 castigare
1476 703 1695 784 malit,
1770 725 1959 790 quam
2032 704 2440 787 verberibus,

340 806 514 872 idem
540 829 697 874 vero
720 810 1068 874 tardissimi
1096 795 1343 894 ingenii
1368 806 1832 873 homunciones
1862 802 2071 872 ferula
2091 793 2441 898 ¹percutere

205 933 219 944 ·
308 930 474 984 ,non
517 901 766 974 dubitet
795 911 1060 995 (videv.
1088 908 1269 993 485),
1313 929 1463 974 raro
1483 922 1716 990 ⁴tamen
1747 921 1813 972 et
1841 909 2197 992 perinvitus
2227 931 2442 996 neque

343 1031 626 1096 unquam
666 1014 795 1077 nisi
851 1010 1290 1084 erubescenda
1322 1008 1613 1075 *stultitia
1650 1009 2109 1096 propemodum
2158 1025 2442 1100 coactus.
2553 1052 2564 1058 ’

344 1111 411 1178 Α
451 1115 639 1196 cujus
683 1116 996 1200 gravitate
1045 1127 1268 1179 nostra
1306 1124 1522 1177 aetate
1552 1110 1795 1199 aliquot
1833 1113 2131 1198 magistri
2172 1103 2442 1179 inferio-

343 1235 488 1279 rum
530 1212 826 1303 ludorum
862 1236 940 1280 eo
973 1236 1173 1302 usque
1203 1213 1575 1279 defecerunt
1603 1235 1679 1277 ac
1707 1234 1911 1298 paene
1941 1213 2460 1299 degenerarunt,

346 1328 418 1379 ut
458 1318 527 1380 in
572 1337 918 1402 puerorum
961 1318 1360 1408 institutione
1389 1339 1430 1382 a
1460 1318 1723 1395 scutica,
1766 1337 2008 1402 pugno,
2044 1312 2236 1404 alapa
2261 1317 2441 1390 deni,-

346 1438 494 1503 qne,
538 1415 904 1504 religiosius
948 1421 1165 1497 etiam,
1188 1439 1378 1506 quam
1407 1417 1563 1483 olim
1595 1439 1635 1482 a
1663 1417 1829 1483 fabis
1860 1415 2273 1502 Pythagorei,
2311 1417 2462 1490 sibi,

347 1517 800 1584 abstinendum
841 1541 986 1584 esse
1029 1533 1352 1606 putarent.
1434 1517 1525 1584 At
1562 1539 1718 1584 vero
1758 1520 1935 1604 prius
1975 1520 2142 1584 istuc
2196 1519 2444 1605 ζυμῆ-

349 1624 651 1685 σασθαι
692 1621 846 1708 quid
889 1623 1148 1688 tandem
1191 1613 1634 1699 censebimus,
1683 1641 1957 1705 quonam
2003 1621 2193 1687 modo
2233 1621 2441 1707 expli-

350 1722 623 1788 candum
652 1722 835 1787 esse?
883 1722 1159 1803 Saltem,
1192 1721 1390 1816 scribi
1420 1721 1696 1786 debebat
1725 1723 2139 1808 ζυμίσασθαι,
2182 1727 2441 1790 tametsi

345 1824 416 1889 id
460 1844 708 1912 quoque
766 1846 806 1889 a
864 1827 1088 1909 ζυμίζω
1132 1839 1341 1891 ortum
1381 1824 1848 1890 dubitationem
1903 1822 2221 1892 habuerit.
2308 1823 2444 1892 Sed

347 1948 740 2015 magnopere
796 1927 960 1993 mihi
1007 1913 1339 2016 persuasi,
1382 1949 1500 2014 pro
1546 1923 2052 2010 ζυμήσασθαι
2096 1924 2443 2013 legendum

347 2049 494 2094 esse
553 2028 1163 2115 ζημιώσασθαι,
1163 2053 1346 2152 qua
1399 2030 1846 2095 emendatione
1890 2026 2085 2094 aliam
2123 2025 2446 2102 leniorem

345 2132 462 2196 vix
503 2133 822 2199 invenias,
905 2117 1225 2220 Principio
1272 2134 1381 2198 odi
1427 2135 1494 2198 in
1534 2129 1968 2215 Aristophane
2014 2150 2271 2206 omnem
2311 2131 2446 2196 fer·
2507 2113 2528 2142 ⁸

349 2236 680 2299 mentandi
722 2235 1073 2315 notionem,
1102 2233 1207 2299 vel
1237 2236 1476 2319 optima
1503 2232 1755 2326 forma,
1768 2232 2005 2296 nedum
2033 2234 2162 2298 isto
2186 2211 2448 2301 hibrida

349 2344 706 2421 truncoque
773 2337 982 2414 vocis,
1025 2357 1420 2428 expressam.
1510 2331 1752 2423 Contra
1798 2331 2236 2417 ζημιωσασθαι
2296 2359 2484 2406 cum-

349 2433 552 2501 altero
595 2434 710 2501 illo
752 2435 1038 2520 κολάσμα
1080 2452 1209 2507 tam
1254 2438 1517 2524 pulchre
1563 2440 1881 2529 congruit,
1926 2452 2002 2503 ιιι
2041 2451 2106 2502 et
2137 2440 2204 2504 in
2236 2437 2447 2506 Nubi-

230 2533 241 2539 ’
353 2535 476 2601 bus
518 2536 649 2603 illis
694 2561 825 2604 non
872 2542 1085 2607 minus
1129 2542 1530 2629 commodam
1576 2542 1832 2621 sedem,
1890 2563 2078 2627 quam
2128 2540 2254 2607 hoc
2295 2564 2448 2630 pos-

262 2676 271 2682 ·
322 2640 574 2720 *tex-ius,
607 2640 848 2708 habere
861 2644 1180 2732 potuerit,
1225 2659 1291 2710 et
1334 2656 1408 2710 ut
1453 2642 1888 2729 ζημιώσασθαι
1917 2656 2106 2733 atque
2140 2643 2446 2730 κόλασμα,

349 2743 554 2808 verba
594 2747 883 2830 ejusdem
927 2769 1123 2834 prope
1166 2751 1559 2827 sententiae,
1587 2745 1669 2812 ab
1706 2768 1835 2827 uno
1869 2750 2288 2833 grammatico
2331 2750 2450 2813 ‹le-2
2527 2776 2534 2785 ¹

349 2842 519 2911 lecta
547 2869 691 2914 esse
728 2872 917 2917 nemo
960 2854 1183 2916 mirari
1210 2865 1423 2940 queat.
1507 2848 1803 2927 Accedit,
1852 2861 1923 2913 ut
1954 2847 2162 2913 forma
2189 2872 2470 2938 quoque.

305 2967 313 2980 ’
349 2946 548 3033 hujus
590 2953 774 3018 verbi
816 2952 905 3020 sit
946 2975 1047 3035 ea,
1095 2975 1220 3040 qua
1245 2954 1682 3041 Antiatticista
1708 2951 1788 3015 ad
1820 2952 2014 3023 istum
2048 2947 2260 3015 locum
2285 2973 2448 3037 prae
2551 3016 2574 3033 x

284 3061 324 3071 ”
350 3045 497 3117 aliis
542 3044 1177 3120 commemorandum
1213 3067 1387 3122 recte
1429 3055 1736 3121 invitatus
1780 3055 1883 3123 sit
1954 3051 2238 3119 Omnino
2270 3056 2447 3123 enim

348 3151 748 3241 plerumque,
793 3155 874 3220 ab
909 3156 1141 3221 Atticis
1168 3157 1424 3242 quidem
1457 3154 1914 3242 scriptoribus,
1959 3158 2259 3240 ζημιῶσαι
2287 3158 2449 3223 dici-

351 3268 479 3334 tur,
497 3277 637 3319 non
672 3256 1130 3341 ζημιώσασθαι,
1169 3261 1355 3341 cujus
1396 3258 1644 3322 formae
1685 3259 1744 3321 si
1786 3256 1948 3322 mihi
1976 3279 2150 3322 nunc
2177 3255 2448 3329 alteram

354 3337 720 3442 exemplum
765 3358 939 3425 haud
978 3363 1047 3427 in
1091 3373 1345 3445 promtu
1385 3371 1524 3440 est,
1592 3380 1719 3424 non
1763 3358 1914 3423 ideo
1972 3373 2187 3427 tamen
2233 3358 2448 3447 paullo

354 3458 673 3527 doctiores
715 3482 973 3526 manum
1003 3451 1244 3541 tollent,
1287 3476 1401 3525 aut
1427 3484 1569 3526 eam
1603 3478 1684 3525 ne
1716 3463 2058 3526 convenire
2087 3463 2348 3549 quidem
2376 3454 2452 3543 ius

351 3557 852 3650 Aristophanem
889 3563 1276 3630 clamabunt.
1323 3559 1514 3629 *Nisi
1558 3583 1719 3650 qnae
1764 3584 1866 3627 me
1911 3563 2077 3631 forte
2118 3565 2450 3651 fugerunt,

352 3682 552 3729 unum
595 3666 1035 3733 tantummodo
1075 3676 1275 3730 restat
1303 3664 1766 3752 fragmentum,
1808 3666 1980 3749 quod
2018 3655 2232 3734 tamen
2277 3666 2456 3736 haud

355 3767 516 3829 satis
575 3782 748 3833 certo
794 3767 1210 3833 fundamento
1271 3769 1465 3832 inniti
1524 3768 2001 3833 concedendum
2057 3781 2207 3832 est.-
2258 3765 2455 3835 Hanc

354 3863 502 3933 dico
548 3864 790 3933 Suidae
835 3867 1152 3956 glossam,
1228 3867 1334 3935 Οὖ
1374 3867 1622 3952 μετὸν
1665 3867 1913 3961 αὐτῷ.
1972 3860 2108 3935 aui)
2149 3873 2267 3933 τοῦ
2312 3869 2454 3939 οὐκ
2523 3910 2528 3917 ·
2567 3948 2574 3955 .

355 3964 387 4030 ἔ
403 3962 489 4043 ξὸ
498 3980 555 4032 ν.
607 3962 1071 4096 Ἀριστρφάνης
1100 3970 1429 4058 Νεφέλαις.
1483 3972 1586 4037 καὶ
1628 3971 2034 4054 Μένανδρος·
2094 3967 2192 4033 Ὗ
2204 3971 2244 4036 δ
2260 3997 2299 4036 α
2315 3996 2354 4035 τ
2368 3996 2400 4037 o
2418 3995 2455 4048 ς
2477 4028 2484 4041 s

344 4054 600 4135 αὗτοῒ
607 4095 639 4146 ς
683 4070 769 4137 οὗ
815 4097 1079 4155 μετ-κον.
1166 4073 1297 4140 Sed
1336 4070 1490 4137 huic
1531 4071 1790 4160 glossae
1814 4071 2214 4150 Dindorfiue
2255 4071 2464 4141 aliam.
2551 4066 2572 4086 ⁸

357 4172 651 4261 ejusdem
682 4193 822 4240 ιιοιι
842 4171 1011 4240 male
1034 4177 1355 4264 opposuit,
1373 4173 1564 4257 hanc,
1588 4171 1843 4243 Meni
1820 4193 1889 4241 v·
1936 4170 2060 4253 ἐξ
2028 4198 2061 4239 ο
2079 4199 2136 4240 ν.
2166 4170 2449 4267 Ἀριστο-

2299 4285 2304 4291 ’
2329 4290 2352 4355 Ι
