2759 4850
468 369 622 441 290
935 379 1042 436 ns
1092 363 1439 437 socium
1487 375 1764 436 versa.
1817 374 2071 437 come.

385 567 391 578 ·
472 543 801 616 refutaret.
842 545 1186 614 Praeterea
1206 550 1284 614 de
1296 548 1562 631 Lycone
1588 548 1952 633 expositum
1982 558 2081 611 est
2101 566 2147 609 a
2167 541 2624 610 Saba-adero

478 652 690 719 Praef.
721 652 802 716 ad
830 649 1115 716 Anabas.
1145 673 1209 736 p.
1241 648 1558 728 XXXII,
1607 669 1794 734 quem
1839 670 1968 714 non
2002 645 2429 731 compilab0.
2528 647 2622 711 Ita

478 758 677 843 igitur
706 753 1057 819 Comoedia
1101 774 1325 817 versus
1368 749 1650 815 dictabat
1678 748 1998 828 Cratino„
2050 749 2187 812 Sed
2239 747 2468 813 faciie
2514 771 2620 835 ap-

476 872 691 946 paret,
735 856 908 920 hunc
963 853 1220 919 fabulae
1273 852 1488 920 locum
1532 853 1745 936 subito
1786 850 1961 916 finiri
1995 849 2391 924 ,debuisset
2464 852 2626 937 quid

480 962 652 1024 enim
704 960 918 1022 minus
967 958 1300 1033 convenit,
1347 973 1538 1040 quam
1584 955 1982 1017 comoediam
2025 961 2233 1017 totam
2291 953 2503 1017 scribi
2544 955 2617 1016 in

480 1058 856 1125 comoediai
946 1056 1160 1134 Quum
1190 1076 1349 1144 ergo
1387 1054 1740 1120 Comoedia
1767 1053 2097 1119 mulierem
2131 1061 2386 1140 ageret
2419 1058 2614 1119 nimis

426 1175 433 1184 '
478 1166 915 1248 imperiosam,
961 1161 1256 1225 Cratinus
1322 1172 1537 1222 autem
1595 1158 1859 1221 minime
1903 1158 2208 1221 uxorium
2265 1162 2607 1237 maritum,

484 1285 691 1329 novae
721 1265 860 1328 irae
892 1265 1214 1328 oriuntur:
1262 1262 1534 1325 discedit
1563 1258 1918 1324 Comoedia
1943 1261 2128 1338 irata,
2182 1258 2507 1325 Cratinus
2535 1262 2604 1325 id

482 1389 688 1454 aequo
719 1365 1116 1442 animofert:
1159 1361 1330 1428 Vale
1371 1363 1617 1447 inquit,
1659 1358 2040 1442 Comoedia:
2087 1354 2450 1450 nunqnam
2491 1383 2604 1449 ego

482 1467 597 1532 ille
631 1466 931 1532 Cratinus
976 1480 1038 1528 te
1081 1463 1350 1551 posthac
1399 1466 1742 1549 attingam:
1790 1467 1949 1530 satis
2007 1463 2170 1528 mibi
2232 1488 2603 1551 poenarum

484 1570 761 1646 dederis,
806 1570 863 1632 si
897 1565 1189 1643 audiero,
1235 1562 1458 1651 quales
1488 1551 1898 1644 homunculi,
1944 1588 2129 1653 quam
2165 1567 2349 1631 nulli
2381 1578 2603 1654 poetae

487 1684 698 1734 tecum
727 1664 1089 1733 connubere
1121 1664 1392 1731 soleant.
1483 1657 1629 1734 Hoc
1660 1671 2022 1752 augurium,
2046 1669 2422 1753 superbum
2459 1690 2602 1735 saue

487 1786 552 1836 et
582 1769 1098 1859 grandiioquum,
1143 1766 1418 1833 mirifice
1466 1767 1658 1833 elusit
1695 1765 2183 1855 Aristophanes.
2234 1770 2605 1835 Videamus

487 1895 661 1939 nunc
692 1871 1118 1938 Scholiastam
1149 1851 1227 1934 ad
1261 1870 1464 1955 soph.
1496 1869 1677 1955 Ajac.
1710 1876 1921 1937 v.105
1957 1894 2021 1957 p.
2051 1878 2130 1937 85
2162 1871 2374 1952 Lob.,
2409 1888 2478 1936 et
2502 1875 2605 1959 qui

487 1973 571 2040 ab
600 1997 678 2039 eo
707 1976 964 2060 pendet,
1005 1972 1269 2050 Suidam
1300 1994 1354 2038 s.
1381 1992 1443 2035 v-
1476 1970 1833 2055 δεσμώτης.
1870 1972 2256 2060 colloquitur
2298 1973 2602 2039 Cratinus

403 2108 421 2122 =
488 2098 633 2142 cum
694 2075 858 2154 alio,
913 2077 1122 2139 amico
1178 2075 1511 2155 fortassis,
1553 2077 1633 2139 de
1680 2073 2064 2153 Comoedia,
2127 2098 2420 2161 quacum
2469 2079 2601 2161 jam

489 2178 734 2242 fecerat
778 2180 1142 2242 divortium.
1206 2177 1556 2261 Δεσμώτης
1590 2179 1821 2263 λέγεται
1848 2214 1934 2226 —-
1959 2179 2061 2242 καὶ
2105 2172 2139 2240 ὃ
2191 2179 2481 2262 δεσμῶν,
2526 2172 2599 2251 ὥς

497 2282 803 2365 Κρατῖνος
844 2280 908 2342 ἔν
936 2279 1181 2362 Πυτίνῃ
1230 2278 1327 2339 3712
1369 2285 1495 2342 τῶν
1536 2278 2061 2364 δεσμοφυλάκων·

731 2377 920 2459 ’Όψει
963 2375 1083 2460 γὰρ
1128 2375 1322 2459 αὐτὴν
1362 2378 1541 2455 ἐκτὸς
1582 2377 1656 2445 οὗ
1702 2385 1935 2446 πολλοῦ
1970 2377 2207 2468 χρόνου

742 2474 916 2561 παρὰ
955 2488 1116 2543 τοῖσι
1163 2479 1538 2561 δεσμώταισι
1584 2483 2170 2567 καταπιττουμένην.

498 2581 593 2646 Οὐ
649 2585 885 2646 πολλοῦ
925 2580 1157 2668 χρόνον
1214 2604 1253 2645 e
1295 2579 1513 2647 Suida
1540 2598 1713 2649 recte
1764 2597 2183 2671 susceperunt
2227 2582 2597 2650 Bantius

494 2697 558 2747 et
602 2681 967 2748 Lobeckim
1009 2707 1126 2770 pro
1169 2686 1327 2749 vitio
1380 2685 1785 2753 Scholiastae
1833 2688 1905 2754 οὗ
1950 2691 2161 2775 πολλῷ
2199 2683 2443 2775 χρόνῳ.
2529 2686 2593 2750 In

492 2789 763 2850 caeteris
807 2786 1040 2852 Suidas
1079 2789 1434 2867 consentit,
1483 2804 1924 2875 praeterquam
1966 2789 2136 2877 quod
2194 2814 2404 2874 προς
2441 2798 2596 2854 τοῖσι

494 2888 866 2971 δεσμώταισι
912 2888 1199 2955 exbibet.
1305 2886 1883 2977 Carcerpublicus
1927 2891 2432 2955 Atheniensium
2482 2892 2594 2956 fuit

491 2994 560 3054 in
593 2989 928 3081 Ceramico
959 2991 1205 3068 urbico,
1220 2993 1357 3071 siv,e
1388 2994 1694 3057 interiore
1718 2995 1807 3077 (v.
1826 2993 2194 3058 Metu-sium
2224 2992 2331 3058 De
2350 2995 2588 3059 Geram.

414 3164 420 3171 ,
493 3092 678 3160 Gom.
727 3115 781 3156 c.
824 3098 863 3155 3
904 3104 971 3155 et
1016 3093 1463 3158 Her-maurium
1507 3098 1573 3159 in
1617 3095 1878 3179 Antiqq.
1924 3117 1986 3180 p.
2028 3094 2221 3181 266.).
2305 3097 2399 3163 Et
2444 3118 2589 3161 vero

491 3197 863 3258 meretrices
906 3192 1281 3277 prostabant
1309 3198 1378 3259 in
1410 3197 1636 3261 eodem
1667 3195 2004 3262 Ceramico
2039 3194 2284 3280 (Schol.
2321 3200 2402 3262 ad
2428 3198 2588 3285 qu.

493 3299 620 3360 769
665 3294 730 3358 ἐν
773 3293 844 3356 δὲ
883 3299 973 3380 τῷ
1020 3291 1206 3382 ἑτέρῳ
1270 3299 1354 3376 [i.
1392 3320 1450 3367 e,
1490 3305 1582 3386 τῷ
1625 3298 1802 3373 ἔνδον
1843 3306 1956 3383 τῆς
1995 3300 2267 3381 πόλεως]
2324 3291 2481 3382 ἦσαν
2523 3324 2588 3364 τε

389 3426 404 3439 ’
494 3397 597 3461 καὶ
640 3391 1092 3479 προεστήκεσαν
1138 3396 1202 3460 αἱ
1244 3394 1489 3482 πόρναι)
1517 3402 1636 3486 64).
1715 3401 1940 3485 Itaque
1986 3402 2277 3465 fortassis
2304 3404 2388 3466 ad
2419 3401 2585 3466 hunc

494 3497 785 3562 urbicum
828 3495 1254 3576 Ceramicum,
1282 3505 1625 3584 pertinent
1653 3502 1896 3568 Cratini
1940 3503 2138 3567 verba
2179 3503 2363 3577 ἐκτὸς
2403 3517 2582 3591 atque

492 3626 701 3689 παρα
704 3610 865 3664 τοῖσι
912 3599 1299 3683 δεσμώταισι.
1407 3601 1575 3667 Nam
1620 3590 1795 3680 ἕκτος
1846 3608 1965 3668 etsi
2007 3606 2275 3675 offendit
2322 3607 2407 3670 de
2446 3605 2581 3671 loco

495 3704 661 3765 intra
716 3705 1110 3786 pomoerium
1171 3706 1332 3783 sito,
1408 3688 1565 3768 ferri
1620 3718 1832 3770 tamen
1877 3721 2083 3793 potest
2144 3706 2226 3770 ob
2285 3709 2584 3772 viciniam

494 3825 842 3867 murorum.
928 3802 1140 3890 Atque
1196 3803 1428 3892 aliquis
1477 3806 1638 3871 haec
1692 3809 2098 3894 interpretari
2151 3806 2451 3874 maluerit
2512 3811 2581 3873 de

494 3903 754 3981 Piraeo,
801 3927 928 3990 quo
971 3908 1126 3973 item
1171 3911 1539 3973 meretrices
1585 3906 1779 3996 vulgo
1803 3896 2220 3978 ‘confluebant
2255 3911 2412 3997 (Ar.
2436 3912 2580 3977 Pac.

490 4060 567 4074 —

534 4144 620 4212 64)
662 4142 1038 4213 Aristophanis
1074 4144 1238 4198 verba
1272 4142 1535 4214 ἑλκοίμην
1560 4143 1614 4200 ἐς
1633 4150 1882 4220 Kapauta
1860 4146 1989 4205 ικδν
2022 4149 2337 4224 significant,
2366 4160 2427 4205 ut
2448 4150 2580 4205 mihi

664 4210 951 4298 videturst
934 4234 984 4280 in
1021 4248 1268 4282 carcerem
1306 4236 1502 4298 rapiar.
1509 4234 1758 4302 ,Inepte
1793 4235 1861 4289 V.
1899 4237 1970 4289 D.
2209 4261 2220 4267 ·
