2759 4850
296 509 303 516 ,
346 388 511 478 ‘128
807 416 915 475 ιιιι
963 413 1311 477 socna-1²13
1358 413 1642 475 varas.
1692 408 1947 480 como,

362 587 497 655 scd
522 583 698 650 aliud
738 595 861 665 est,
904 571 1285 664 orationem,
1327 553 1569 662 uthic,
1613 581 1697 646 ad
1729 596 2137 647 communem
2168 576 2458 643 omnium

362 687 758 755 intellectum
794 688 1296 765 accommodare,
1341 684 1518 781 aliud
1564 694 1830 766 rursus,
1856 687 2106 756 doctam
2137 683 2457 767 quandam

362 792 618 879 ingredi
663 791 1198 881 disputationem,
1255 789 1424 875 quod
1466 790 1546 853 de
1588 791 1834 873 priore
1847 784 2068 852 fabula
2109 784 2326 849 valere
2367 805 2458 849 ex

310 923 324 954 .·
361 896 445 959 iis
490 914 651 980 quae
695 912 890 975 supra
935 892 1094 968 dixi,
1141 888 1349 954 elucet
1377 890 1739 954 manifesto.
1825 883 2003 974 Ergo
2048 910 2242 975 quum
2273 897 2456 973 quat-

361 1009 505 1061 tuor
534 993 649 1058 illa
690 995 959 1056 crimina
1000 994 1067 1054 in'
1101 993 1323 1075 primis
1349 989 1650 1057 Nubibus
1678 992 1936 1064 Socrati
1971 991 2225 1074 objecta
2260 1008 2457 1073 quae-

256 1145 262 1150 ·
364 1119 511 1163 rere
554 1118 699 1159 eum
734 1093 1189 1170 subterranea,
1235 1116 1544 1180 quaerere
1577 1098 1768 1159 etiam
1811 1091 2134 1165 caelestia,
2181 1090 2459 1156 eundem

340 1213 430 1263 ·et
471 1219 626 1261 vera
673 1194 928 1264 elevare
971 1207 1036 1257 et
1084 1196 1501 1260 corroborare
1546 1195 1732 1274 falsa,
1779 1197 2053 1281 denique
2097 1186 2246 1257 εἰιιιι
2291 1189 2455 1255 alios

241 1308 263 1325 ⁴
362 1299 526 1365 haec
557 1298 997 1363 tantummodo
1029 1298 1170 1381 ipsa
1201 1299 1456 1376 docere,
1490 1320 1707 1384 quum,
1738 1301 2020 1384 inquam,
2051 1295 2210 1360 haec
2240 1294 2456 1357 omnia

360 1404 431 1466 in
476 1413 696 1466 nostro
729 1401 1016 1464 dramate
1056 1412 1168 1462 aut
1201 1399 1589 1485 primoribus
1621 1413 1866 1465 tantum
1896 1397 2099 1464 labris
2137 1398 2457 1482 attingan-

363 1517 505 1582 tur,
552 1516 661 1565 aut
704 1522 784 1563 ne
827 1502 1240 1563 inveniantur
1301 1502 1596 1585 quidem,
1643 1505 1833 1565 sicuti
1877 1499 2183 1566 vidimus.
2240 1507 2459 1563 manet

250 1589 253 1594 μ
364 1617 555 1690 atque
597 1605 878 1687 ingenue
910 1598 1340 1665 confitendum
1372 1615 1494 1680 est,
1528 1603 1688 1671 duas
1714 1601 2211 1687 An'stophanem
2229 1597 2458 1668 Nubes

362 1706 703 1792 scripsisse
746 1703 1019 1788 penitus
1037 1702 1207 1766 inter
1248 1725 1320 1766 se
1365 1704 1824 1790 discrepante&
1881 1703 2100 1769 Placet
2126 1717 2341 1768 autem
2372 1702 2456 1765 de

363 1811 578 1895 priore
608 1802 828 1878 fabula
857 1803 962 1867 hic
992 1806 1209 1868 statim
1232 1803 1510 1890 aliquam
1542 1805 1828 1871 delibare
1856 1804 2265 1898 particulam:
2307 1824 2457 1868 nam

259 1943 269 1954 ·
365 1912 425 1975 si
463 1912 531 1973 in
581 1909 714 1972 tam
744 1908 987 1992 paucis,
1022 1926 1183 1992 quae
1223 1919 1503 1987 exstant,
1529 1908 1907 1995 fragmentis
1952 1907 2248 1973 nonnihil
2285 1920 2455 1971 certe

340 2010 443 2075 -ad
479 2010 809 2073 Socratem
838 2004 1222 2078 caelestibus
1257 2007 1453 2072 rebus
1496 2011 1658 2077 mire
1701 2012 2020 2074 intentum
2061 2008 2457 2096 pertinuerit,

364 2110 621 2180 facilius
665 2111 748 2174 ad
805 2107 1192 2174 credendum
1232 2108 1608 2190 adduceris,
1656 2110 1984 2175 Socratem
2027 2124 2093 2173 et
2132 2109 2460 2193 aliquanto
2587 2172 2603 2188 ,

366 2214 607 2279 diutius
652 2221 717 2275 et
769 2211 1018 2289 ration'e
1063 2208 1250 2294 plane
1288 2209 1430 2282 alia
1467 2213 1537 2274 in
1594 2208 1710 2273 illo
1750 2212 2031 2274 dramate
2079 2230 2314 2294 supera
2358 2211 2459 2273 in-

336 2316 745 2397 ’vestigasse.
846 2311 1170 2395 Principio
1229 2310 1567 2397 decerpam
1625 2309 1889 2374 verbum
1943 2310 2456 2395 μετεωρολέσχης,

364 2417 562 2483 nixus
592 2411 956 2478 Scholiasta
981 2410 1236 2478 Veneto
1268 2415 1351 2481 ad
1374 2412 1524 2484 Pac.
1573 2434 1635 2476 v.
1666 2416 1744 2477 91
1794 2410 1911 2498 ἔφη
1957 2412 2025 2478 δὲ
2068 2414 2171 2477 καὶ
2216 2412 2280 2478 ἐν
2321 2421 2460 2489 ταῖς

363 2516 675 2603 Νεφέλαις
711 2514 1372 2603 μετεωρολέσχας
1420 2515 1571 2591 τοὺς
1621 2515 2039 2603 φιλᾶσόφους,
2082 2513 2182 2581 ὅτι
2221 2515 2306 2582 τὰ
2346 2514 2458 2591 οὗ·

364 2618 547 2707 ράνια
591 2625 996 2704 περινοοῦσιν.
1106 2634 1117 2638 “

458 2782 459 2785 ,
531 2721 615 2811 ld,
651 2724 760 2806 qui
804 2743 1010 2808 nuper
1067 2724 1418 2788 memoriae
1478 2725 1686 2789 errori
1729 2724 1955 2790 tribuit
1996 2723 2455 2808 confusumque

363 2826 614 2911 putavit
684 2845 828 2911 cum
901 2816 1495 2912 μετεωροσοφιστῶν
1550 2825 1835 2892 ΝιιΙι..Π
1876 2848 1936 2891 ν.
1982 2832 2142 2903 360,
2183 2845 2456 2910 quocum

362 2921 713 2986 contendas
772 2923 925 2989 licet
979 2947 1041 2989 v.
1091 2932 1214 2992 333
1244 2974 1247 2983 .
1276 2925 1511 3010 ἄνδρας
1576 2927 2154 3011 μετεωροφένακας,
2229 2928 2453 2991 nae-is

360 3027 603 3090 erravit
661 3028 1061 3110 gravissime.
1149 3024 1375 3102 Mitto,
1431 3027 1604 3108 quod
1649 3027 1916 3122 verbum
1960 3026 2455 3109 μετεωρολέσχης

359 3127 575 3212 ipsum
620 3139 848 3188 natura
891 3146 1010 3191 sua
1051 3127 1142 3189 ita
1184 3139 1622 3211 comparatum
1673 3142 1810 3206 est,
1853 3115 1927 3191 ιιι
1972 3126 2054 3190 ab
2090 3125 2454 3193 Scholiasta

292 3274 300 3289 .
361 3225 577 3311 aliquo
625 3223 941 3309 proficisci
1007 3246 1087 3288 ne
1141 3231 1420 3312 potuerit
1463 3230 1752 3315 quidem:
1814 3243 1992 3294 tanta
2030 3243 2129 3294 est
2169 3231 2453 3315 antiqui-
2489 3264 2495 3273 -

357 3328 511 3390 tatis
556 3337 706 3387 nota
731 3326 1133 3409 impressum.
1191 3326 1298 3393 Ne
1325 3328 1487 3394 illud
1520 3318 1777 3417 quidem
1804 3336 2257 3411 commemoro,
2288 3324 2458 3396 illud

330 3423 760 3502 ,ὃεὶιοίἰεειιιε
804 3441 1224 3512 propagatum
1266 3454 1411 3497 esse
1456 3435 1652 3501 etiam
1692 3456 1732 3497 a
1773 3433 1974 3497 Suida
2017 3455 2073 3499 s.
2111 3437 2451 3518 Μετεωρο-
2575 3434 2582 3447 ‘

354 3534 596 3602 κοπεῖςι
630 3561 708 3576 -
748 3528 851 3593 καὶ
906 3531 1439 3616 μετεωρολέσχους
1478 3536 1627 3619 (sic)
1669 3535 1821 3610 τοὺς
1861 3534 2250 3623 φιλοσόφους
2282 3534 2470 3619 Αρι-Ὶ

354 3626 676 3715 στοφάνης
716 3632 906 3717 φησὶν
937 3631 1003 3695 ἐν
1029 3633 1364 3719 Νεφέλαις,
1412 3633 1631 3701 flu-‘cd
1671 3635 1931 3722 οὐράνια
1971 3642 2447 3724 ammoneant„

352 3732 525 3803 unde
552 3729 699 3795 ‘hoc
740 3731 968 3799 saltem
1010 3738 1317 3822 sequitur,
1364 3760 1497 3803 non
1542 3760 1686 3804 esse
1710 3740 2029 3805 Venetum
2058 3739 2240 3817 illud,
2275 3740 2450 3824 quod

354 3831 664 3911 dicimus,
714 3832 1050 3901 Scholium
1091 3859 1319 3903 recens
1361 3852 1476 3904 aut
1533 3861 1737 3927 nuper
1780 3846 2230 3929 excogitatum.
2316 3841 2451 3907 Sed

351 3953 587 3997 novam
659 3932 813 4000 huic
879 3938 1078 4003 verbo
1153 3938 1352 4009 fidem
1421 3935 1580 4007 facit
1635 3942 1998 4009 Scholiasta
2055 3944 2140 4007 ad
2193 3953 2466 4016 nostras
2515 3936 2522 3945 ’

353 4031 579 4099 Nubes
621 4047 687 4098 et
733 4056 794 4102 v,
827 4045 963 4104 224*
1011 4037 1171 4106 διότι
1225 4044 1882 4129 μετεωρολέσχης
1928 4035 2006 4129 ἦν
2059 4037 2445 4111 deSocrate

351 4147 420 4200 et
449 4156 508 4199 v.
541 4140 667 4202 330
710 4138 1156 4228 Σοφιστὰς]
1189 4181 1277 4205 -r-
1313 4151 1425 4212 m‘ne
1480 4147 1550 4213 δὲ
1606 4147 1753 4223 τοὺς
1792 4146 2444 4233 μετεωρολέσχας

352 4235 656 4323 “yffi--
712 4252 779 4335 ct
819 4263 882 4329 V,
929 4249 1055 4313 319
1110 4252 1556 4337 στενόλεσχεῒγ]
1585 4285 1671 4321 -s
1714 4246 1887 4337 παρὰ
1922 4247 1993 4315 δὲ
2032 4246 2106 4317 τὸ
2166 4244 2439 4319 στενὸν
2520 4306 2526 4311 .

1418 4354 1440 4387 As
