2759 4850
408 421 595 493 190·
861 430 968 487 nn
1016 411 1361 488 socm'ni
1411 411 1690 487 verna.
1744 423 1998 516 come.

401 599 513 669 vel
543 595 715 688 quod
740 592 1052 662 nauseola
1091 593 1430 662 alacrioris
1463 594 1715 682 ingenii
1753 596 1894 659 vito
1930 594 2111 678 justo
2142 592 2332 657 citius
2397 590 2566 658 ‹rb-—

399 705 742 790 repsisset,
788 717 947 786 quas
1002 700 1143 763 dixi
1196 711 1415 785 partes
1458 718 1495 762 e
1519 694 1835 768 Nubibus
1880 692 1915 759 1
1966 696 2396 792 assumsisse,
2453 703 2551 758 ut

399 806 722 896 posterior
775 796 999 865 fabula
1043 801 1187 864 sine
1237 803 1525 866 maxima
1578 785 1936 865 offensione
1975 795 2113 882 legi
2153 808 2375 881 posset
2451 808 2549 859 et

401 908 619 995 aliquo
660 919 874 969 tamen
922 903 1114 967 modo
1159 900 1456 967 absoluta
1498 922 1642 966 esse
1683 901 2030 965 videretur.
2104 897 2234 962 Sed
2267 901 2536 982 potue-

400 1023 551 1076 runt
592 1007 790 1070 etiam
829 1002 982 1067 illae
1024 1013 1261 1089 partes,
1285 997 1513 1070 saltem
1554 977 1887 1090 parabasis
1922 1004 2062 1085 jam
2104 1012 2253 1063 ante
2290 996 2534 1063 Alex-

402 1111 819 1176 andrinorum
857 1118 1146 1204 tempora
1175 1126 1217 1170 a
1256 1106 1446 1174 docto
1474 1106 1688 1193 aliquo
1715 1103 1976 1181 lectore,
2011 1103 2117 1198 cui
2148 1099 2448 1166 Nubium
2487 1098 2533 1164 Ι

402 1214 590 1306 copia
633 1210 782 1281 data
809 1224 1003 1290 esset,
1035 1207 1401 1287 transcribi,
1415 1209 1665 1295 itaque,
1695 1209 1955 1293 antiquo
1975 1225 2193 1268 errore
2225 1204 2527 1288 posteri-

401 1315 520 1378 tati
560 1324 949 1398 propagato,
1007 1313 1077 1376 in
1120 1324 1343 1375 nostra
1377 1330 1583 1395 usque
1627 1307 2054 1394 exemplaria,
2095 1326 2521 1391 permanare.

367 1399 372 1406 Ο
399 1414 570 1480 Illud
603 1415 856 1500 quidem
897 1411 1045 1478 fieri
1072 1433 1203 1480 non
1245 1425 1478 1498 potest,
1510 1424 1580 1475 ut
1608 1409 2078 1495 Aristophanes
2105 1401 2408 1472 Nubibus
2441 1405 2522 1470 Π

398 1514 768 1602 exemplum
808 1513 1064 1601 aliquod
1094 1510 1383 1578 Nubium
1410 1511 1443 1575 I
1476 1514 1646 1576 inter
1676 1511 2085 1577 scribendum
2129 1509 2516 1594 subjecerit,

338 1599 355 1618 s
397 1631 739 1705 propterea
765 1618 936 1703 quod
965 1617 1099 1699 tum
1132 1635 1357 1679 versus
1388 1614 1469 1678 ad
1510 1635 1709 1678 unum
1743 1633 1965 1676 omnes
1991 1610 2206 1675 delere
2237 1623 2511 1676 coactus

400 1732 593 1784 esset.
680 1717 1004 1805 Denique,
1047 1718 1108 1781 si
1150 1717 1292 1803 quis
1333 1719 1571 1781 rustice
1612 1713 1888 1801 urgebit,
1929 1710 2354 1799 respondebo,
2389 1734 2505 1776 me

398 1819 569 1885 hanc
600 1842 738 1886 rem
767 1823 1092 1908 ignorare,
1139 1840 1346 1906 neque
1379 1839 1555 1914 eam,
1590 1815 1796 1905 qualis
1825 1814 2141 1895 sit‚,sat'is
2170 1814 2504 1900 explicare

386 1931 622 2010 'posset
682 1919 840 1988 licet
884 1924 1095 2001 enim,
1140 1920 1486 1987 dummodo
1529 1935 1779 1984 summa
1821 1921 1918 1984 rei
1962 1930 2246 1995 constet,
2293 1938 2496 1980 unum

398 2027 621 2090 nescio
653 2025 842 2111 quid,
890 2025 1056 2112 quod
1102 2046 1232 2088 non
1271 2024 1532 2087 omnino
1577 2023 1891 2108 quadrare
1926 2021 2252 2097 videatur,
2298 2020 2499 2082 etiam

395 2124 617 2215 paullo
659 2128 871 2191 minus
913 2146 1137 2187 curare
1164 2122 1286 2210 27),

569 2224 898 2305 Audacter
943 2225 1320 2289 Hermanm‘
1358 2224 1576 2289 uerbis
1633 2220 1931 2288 nonnihil
1993 2246 2079 2288 ex
2133 2245 2279 2289 mea
2324 2237 2495 2309 penu

397 2328 927 2411 inseruit-neque
964 2328 1134 2388 enim
1164 2347 1438 2409 magnae
1468 2327 1802 2411 cujusdam
1831 2328 2218 2412 sagacitatis.
2236 2339 2354 2404 est,
2397 2326 2494 2389 di-

402 2450 548 2494 cere
570 2428 720 2514 quid
732 2427 1178 2491 Hermanmcm
1204 2428 1435 2513 sapiat,
1464 2430 1698 2514 quidve
1726 2429 2013 2495 redoleat
2025 2426 2488 2495 Fritzrchium.

400 2528 664 2607 Restat,
725 2541 797 2592 ut
834 2527 1108 2614 paucula
1153 2529 1468 2616 quaedam
1515 2531 1712 2601 verbo
1757 2534 2098 2618 attingam,
2144 2533 2213 2593 in
2259 2530 2522 2615 quibus·

397 2629 563 2696 mihi
594 2651 722 2693 non
757 2633 1018 2695 omnino
1050 2646 1195 2694 cum
1220 2631 1602 2696 Hermanno
1634 2637 1954 2698 convenit.
2023 2630 2313 2696 Nimium
2342 2651 2488 2716 pae-

398 2754 484 2798 ne
527 2733 839 2798 honorem
887 2718 1014 2798 'Vir
1057 2732 1360 2799 Summus
1420 2735 1673 2800 ridetur
1729 2736 2032 2802 habuissr‘¹
2104 2732 2487 2798 scholiastae

350 2878 353 2881 -
395 2835 614 2900 verbis
655 2837 735 2900 ad
763 2854 825 2900 v-
864 2838 987 2903 5:37
1029 2836 1144 2912 τὰς
1185 2837 1256 2903 δὲ
1301 2839 1502 2929 &wag
1542 2838 1645 2902 κὰὶ
1686 2839 1758 2903 τὸ
1806 2837 1903 2904 ἲοὺ
1946 2835 2047 2901 ἰοὺ
2090 2835 2154 2899 ἓν
2183 2833 2487 2920 Νεφέλαις

395 2934 471 3002 το
514 2942 796 3024 πρῶτον,
841 2960 1000 3060 quae
1038 2941 1129 3003 ita
1168 2941 1659 3023 interpretatur,
1706 2953 1778 3003 ut
1821 2941 1903 3003 ad
1937 2936 2162 3002 Nubes
2193 2935 2258 2999 Π
2299 2924 2485 3020 perti-

393 3053 611 3118 neant,
655 3042 1035 3127 ingeniose,
1077 3040 1192 3102 sed
1233 3042 1448 3104 minus
1487 3039 1943 3133 probabiliter,
1991 3041 2280 3126 quamvis
2322 3031 2494 3102 alius

286 3182 297 3189 ae
394 3143 478 3206 ad
521 3162 582 3204 v.
614 3146 738 3206 539
794 3142 1032 3205 dixerit
1088 3141 1154 3204 ἐν
1213 3140 1285 3205 δὲ
1337 3151 1476 3217 ταῖς
1515 3140 1793 3226 πρώταις
1829 3144 2140 3230 Νεφέλαις
2183 3149 2366 3209 τοῦτο
2407 3141 2481 3207 οὗ

394 3242 709 3335 πεποίηκε.
794 3241 1147 3305 Hominem
1186 3244 1380 3307 istum
1417 3247 1487 3308 in
1517 3238 1897 3329 explicando
1931 3248 2199 3338 turpiter
2228 3245 2476 3330 lapsum
2523 3258 2528 3267 “

396 3360 542 3405 esse
581 3328 930 3406 declaravit
954 3336 1393 3410 Hermannue.
1481 3343 1653 3423 Quid
1687 3347 1885 3431 igitur
1915 3349 2170 3427 mirum,
2212 3351 2272 3412 si
2310 3369 2478 3411 erro-

393 3458 533 3506 rem
560 3462 733 3509 novo
767 3463 985 3509 errore
1007 3444 1441 3513 cumulaverit.
1460 3447 1671 3535 Atque
1696 3453 2054 3515 consentiet
2086 3471 2230 3515 cum
2260 3448 2470 3530 altero,

410 3666 527 3752 27)
564 3682 957 3753 Propemodum
991 3689 1061 3742 ad
1099 3689 1270 3744 verba
1302 3690 1576 3758 conspirat
1620 3707 1744 3759 pars
1781 3690 2048 3760 parabesis
2085 3682 2385 3762 Vesparum
2417 3708 2471 3748 v
2481 3674 2484 3679 .

571 3773 739 3825 1030
735 3788 865 3842 sqq
903 3782 965 3827 et
990 3774 1144 3830 Pacis
1193 3793 1250 3831 v.
1286 3777 1393 3830 736
1428 3796 1550 3846 sqq.
1616 3779 1736 3830 Hos
1775 3777 1993 3846 quidem
2030 3795 2220 3835 versus
2252 3779 2310 3831 in
2344 3780 2468 3831 Pace
2523 3806 2528 3815 τ

565 3856 886 3921 repetivisse
937 3858 1163 3914 videtur
1227 3860 1467 3916 maxime
1536 3871 1759 3931 propter
1806 3864 2130 3919 Adulatores
2186 3864 2467 3933 Eupolidis,

570 3957 710 4009 quae
743 3942 928 4019 fabula
952 3947 1156 3999 eodem
1188 3955 1434 4015 tempore
1467 3947 1526 3999 in
1559 3957 1831 4004 certamen
1863 3951 2148 4005 commissa
2174 3959 2273 4004 est·
2340 3948 2468 4004 Vide

566 4025 811 4095 inprimis
883 4048 944 4086 v.
994 4031 1099 4086 740
1156 4029 1418 4086 ἑκατόν
1489 4028 1549 4087 δὲ
1614 4030 1795 4103 κυκλῳ
1848 4032 2093 4105 κεφαλὰς
2146 4031 2469 4091 Κολάκων

562 4105 951 4181 οἰμωξομένων
981 4112 1323 4184 ἐλιχμῶντο.
1332 4118 1744 4190 Omninoque
1725 4139 1786 4175 ιιι
1823 4128 1935 4176 tota
1970 4121 2213 4220 parabasi
2249 4118 2470 4197 Eupolin

563 4196 783 4268 oblique
817 4200 1144 4274 perstringit,
1175 4219 1207 4256 a
1240 4214 1356 4274 quo
1391 4205 1495 4261 sibi
1528 4215 1641 4262 tum
1682 4223 1796 4262 non
1828 4206 2022 4275 injuria
2054 4206 2295 4261 timebat·
2333 4203 2464 4261 Vicit

564 4282 709 4338 enim
741 4285 963 4356 Eupolis
994 4286 1431 4358 Aristophanem.
2044 4313 2053 4320 ·
