2759 4850
376 387 519 457 182
658 407 663 412 ¹
817 397 922 454 nn
972 393 1316 456 socnam
1371 358 1648 454 'vr-:rm
1699 390 1953 452 come.

372 585 521 634 cum
573 560 871 634 venibu-
926 563 1223 648 proxime
1276 561 1685 662 antegressis
1728 580 2004 648 cumque
2059 562 2239 628 omni
2276 581 2485 662 argn-

374 677 597 736 mento
652 678 785 734 tam
844 676 1020 729 arcte
1084 666 1522 730 annunciatum
1585 676 1685 729 est
1700 707 1722 742 ,
1785 674 1862 738 ut
1919 684 2050 730 non
2117 664 2326 748 possit
2384 663 2483 736 ad

376 768 692 839 sccundus
739 762 967 832 Nubes
1023 787 1152 833 non
1198 767 1512 834 revocari.
1593 762 1766 832 Tum
1811 765 2072 851 propria
2107 763 2482 850 parabasis,
2519 775 2546 780 “

377 884 585 940 metro
642 869 884 954 scripta
939 865 1301 955 Eupolideo
1353 887 1419 932 v·
1463 870 1592 933 513
1616 860 1843 936 -558'
1902 878 2074 931 certe
2131 888 2263 931 non
2318 880 2482 938 ante

379 975 622 1058 scripta
674 982 810 1048 est,
871 991 1065 1057 quam
1119 970 1311 1035 tertio
1361 988 1534 1033 anno
1589 980 1735 1055 post
1764 966 1990 1033 Nubes
2035 969 2283 1048 editas,
2324 971 2482 1036 sive
2573 1009 2586 1026 .

383 1073 495 1142 01.
540 1092 834 1150 uxxrx,
872 1080 938 1137 4.
1022 1070 1199 1138 Huic
1249 1072 1424 1140 enim
1477 1090 1651 1135 anno
1698 1068 1979 1135 Maricas
2018 1068 2350 1163 Eupolidis
2394 1074 2483 1137 in

382 1172 755 1244 didascaliis
798 1170 1203 1253 adscribitur,
1240 1192 1304 1238 ν.
1333 1177 1460 1239 549
1502 1184 2052 1238 commemoratus.
2133 1169 2276 1238 Nec
2313 1194 2482 1238 saue

382 1281 563 1365 prius
606 1272 811 1352 scribi
848 1274 1146 1343 docerive
1187 1276 1396 1360 potuit
1432 1272 1750 1353 Maricas,
1796 1274 2025 1360 quippe
2076 1275 2145 1337 in
2167 1295 2313 1358 *quo
2341 1274 2484 1339 Eu-

330 1401 334 1410 ’
379 1378 555 1467 polis
597 1379 678 1444 de
705 1374 969 1456 Cleone,
1010 1388 1084 1442 ut
1125 1376 1207 1441 de
1247 1387 1505 1441 mortuo
1546 1373 1945 1461 loqueretur:
1990 1395 2137 1438 uam
2165 1371 2486 1466 Cleonem

384 1479 628 1548 Alcaeo
670 1477 869 1558 (non,
895 1476 1183 1564 Aminia)
1228 1476 1537 1542 archonte
1585 1473 1692 1541 01.
1723 1496 1986 1542 Lxxxrx
2003 1520 2025 1555 ,
2071 1482 2112 1542 3
2155 1475 2484 1548 mortuum

386 1569 534 1648 esse
580 1590 851 1645 constat.
934 1576 1191 1644 Deinde
1219 1595 1375 1641 vero
1406 1599 1495 1642 ex
1524 1576 1817 1646 versibus
1844 1578 1948 1644 his

422 1748 431 1752 ,
554 1679 830 1755 Εὔπολις
865 1677 983 1763 μὲν
1023 1677 1135 1745 τὸν
1173 1680 1479 1767 Μαρικᾶν
1520 1662 1894 1770 πρὸτιστον(
1909 1681 2310 1769 παρείλκυσεν

388 1797 457 1854 et
495 1805 654 1853 mox
2097 1829 2104 1852 .

398 1871 407 1878 „
557 1882 717 1954 Εἶθ’
753 1883 1105 1972 ’Ἕρμιππος
1147 1876 1340 1962 αὖθις
1377 1884 1691 1971 ἐπώλησεν
1732 1887 1821 1962 εἷς
1850 1883 1871 1909 ‘
1887 1886 2265 1973 Υπέρβολρν,

547 1987 761 2055 Ἄλλοι
801 1988 863 2055 τ’
909 1987 1032 2074 ἤδη
1070 1986 1296 2065 πάντες
1336 1989 1677 2074 ἐρείδουσιν
1717 1989 1804 2064 εἷς
1835 1984 2243 2075 “Υπε’ρβσλον.·

389 2090 770 2180 planissime
829 2092 1280 2176 consequitur,
1335 2091 1662 2177 aliquanto
1722 2104 1868 2177 post
1911 2091 2224 2160 Maricam
2262 2094 2528 2166 datum*

328 2195 334 2202 ’
391 2192 735 2281 parabasin
805 2191 988 2258 illam
1059 2196 1356 2277 scriptam
1419 2211 1564 2258 esse
1621 2193 2091 2274 (Hermann,
2133 2217 2195 2280 p.
2241 2198 2489 2284 xxv-11).

282 2327 293 2338 “
393 2296 739 2360 Praeterea
806 2314 1065 2359 versum
1111 2297 1259 2359 547.
1319 2306 1387 2358 et
1456 2293 1753 2377 proxima
1815 2296 2098 2360 intuenti
2162 2297 2490 2367 videbitur

391 2393 811 2483 Hyperbolus
863 2406 1000 2461 tum
1052 2391 1392 2463 vacillasse
1436 2396 1688 2480 potius,
1744 2416 1935 2480 quam
1998 2397 2082 2461 de
2135 2409 2307 2465 statu
2364 2422 2489 2468 suo

393 2497 587 2584 plane
646 2499 936 2580 dejectus
990 2517 1134 2562 esse
1190 2508 1302 2560 aut
1357 2495 1593 2563 exsilio
1639 2498 1940 2564 affectus:
2003 2501 2171 2585 quod
2229 2502 2491 2587 quidem

347 2602 351 2607 ’
398 2600 634 2667 accidit
673 2600 929 2671 circiter
973 2595 1081 2662 01.
1110 2618 1245 2679 xcr,
1294 2605 1353 2664 1.
1441 2596 1633 2665 Certe
1674 2594 2005 2675 etiamtum
2042 2603 2209 2668 vixit
2233 2604 2493 2692 Hyper-

398 2694 625 2781 bolus,
667 2712 942 2771 testante
984 2702 1051 2766 id
1096 2722 1290 2769 versu
1333 2707 1480 2769 534.
1566 2700 1838 2779 Occisus
1884 2700 2229 2775 cst'autem
2274 2708 2495 2774 dema-

399 2825 610 2890 gogus
652 2806 721 2872 iu
758 2802 960 2869 Samo
1001 2802 1216 2871 insula
1229 2840 1261 2883 ,-
1297 2818 1371 2870 ut-
1411 2803 1573 2870 mihi
1616 2808 1904 2884 videtur,
1946 2820 2238 2872 extrema
2263 2806 2495 2893 Olym-

398 2907 589 2993 piade
627 2927 765 2977 xcr.
852 2904 1021 2973 Nam
1064 2907 1133 2971 in
1173 2905 1866 2993 Thesmophoria-ausis
1912 2904 2046 2990 (01.
2081 2928 2258 2990 xcu,
2315 2914 2493 2978 anno

401 3011 608 3095 primo
639 3006 743 3073 vel
764 3008 1071 3092 secundo)
1112 3030 1173 3072 v.
1204 3014 1331 3075 840
1357 3031 1496 3094 sqq.
1529 3011 1622 3072 ita
1660 3007 2025 3077 nominatur
2049 3009 2493 3096 Hyperbolus,

401 3125 477 3175 ut
532 3112 705 3175 haud
761 3131 919 3189 sane
968 3107 1245 3195 liqueat,
1308 3123 1520 3185 utrum
1563 3122 1849 3179 mortuus
1903 3113 2021 3190 sit,
2082 3135 2164 3179 au
2220 3116 2491 3182 vixerit:

356 3210 365 3221 ’
400 3225 694 3278 mortuus
737 3223 875 3274 erat
917 3208 1286 3276 Lamachus
1329 3203 1536 3291 certe,
1579 3215 1687 3298 qui
1728 3211 1922 3278 simul
1964 3233 2116 3279 cumv
2155 3213 2286 3279 illo·
2318 3240 2496 3284 com-

306 3387 311 3391 ,
402 3324 815 3377 memoratur.
901 3309 1200 3376 Mortuus
1255 3327 1353 3377 est
1399 3312 1807 3399 Hyperbolus
1860 3319 1928 3380 iu
1970 3313 2171 3382 Ranis
2226 3339 2289 3381 v.
2337 3324 2517 3386 570.-

406 3411 515 3477 01.
576 3434 782 3492 xcur,
843 3418 903 3477 3.
966 3411 1173 3478 Callia
1229 3410 1576 3496 archonte,
1644 3418 1946 3482 Lenaeis.
2034 3415 2182 3494 Qua
2231 3418 2526 3507 propter'

407 3532 536 3580 non
582 3512 853 3579 multum
896 3535 936 3578 a
995 3535 1149 3579 vero
1207 3517 1637 3600 aberraverit,
1704 3520 1811 3604 qui
1855 3516 2079 3586 Nubes
2124 3520 2190 3588 ΙΙ
2223 3537 2498 3610 quatuor

405 3617 513 3683 vel
576 3620 773 3682 etiam
832 3620 1108 3703 qu'inque
1166 3622 1356 3683 annis
1415 3633 1564 3705 post
1619 3622 1871 3707 priores
1924 3614 2179 3715 dixeritJ
2219 3627 2497 3711 scriptas

406 3741 575 3798 esse,
623 3717 730 3783 01.
764 3741 868 3798 xe,
915 3727 947 3784 1
1000 3718 1101 3784 vel
1145 3728 1206 3785 2.
1293 3718 1434 3786 Nec
1480 3721 1724 3802 dubito,
1770 3726 1919 3808 quin
1958 3729 2212 3812 maguis
2244 3727 2499 3813 Dio'ny·

406 3821 545 3897 siis,
589 3833 662 3884 ut
687 3820 1297 3906 priorem-fabulam,
1332 3825 1428 3903 sic
1459 3826 1649 3888 etiam
1678 3831 2098 3910 posteriorem
2137 3829 2497 3911 destinarit,

404 3919 704 3987 videlicet
746 3937 818 3987 ut
854 3926 1276 4009 ignominiam
1306 3928 1524 3988 *coram
1556 3929 1912 4015 peregrinis
1945 3928 2270 4016 acceptam
2306 3953 2499 4017 prae-

233 4008 241 4027 ἃ
345 4084 353 4093 t
406 4021 694 4089 sentibus
738 4028 1096 4112 peregrinis
1143 4025 1448 4093 aboleret.
1541 4027 1905 4129 Sequuntur
1946 4031 2211 4118 stropha
2260 4052 2322 4096 v.
2368 4038 2495 4100 559

268 4186 279 4193 ,
407 4129 635 4195 --57(,)
689 4136 878 4211 atque
921 4128 1322 4219 antistropha
1378 4151 1442 4192 v.
1503 4135 1619 4196 591
1660 4172 1736 4180 —
1769 4137 1956 4211 602„
2022 4133 2254 4218 quibus
2298 4155 2494 4221 quum

296 4240 309 4249 ·
366 4246 371 4259 ¹
409 4225 656 4307 nullum
701 4230 785 4295 sit
818 4231 1120 4314 temporis
1152 4233 1494 4319 vestigium
1536 4236 1938 4321 impressum,
1970 4256 2100 4301 non
2130 4237 2493 4317 decernam,
