2759 4850
731 435 835 492 ET
854 434 989 501 „un
1038 382 1410 497 manens
1453 367 2033 509 amatim&
2275 423 2373 497 47

288 621 569 670 necesse,
608 615 767 693 ⁸²est,
848 600 1160 688 Pelargos
1234 598 1466 669 saltem
1545 615 1690 690 post
1780 604 2383 677 condamnationem

289 704 618 782 Socratis,
676 707 817 769 sive
868 717 1017 791 post
1063 702 1317 791 olymp.
1351 710 1458 785 95,
1502 712 1534 770 1
1581 705 1796 771 datam
1838 726 2007 793 eosq.
2094 698 2380 775 Omnino

285 803 573 873 Meletu‘s
617 819 942 893 nunquam
987 805 1069 872 ab
1099 805 1562 894 Aristophane,
1613 810 1742 872 nisi
1777 810 1846 872 in
1874 803 2116 872 ultimis
2141 808 2380 874 fabulis

285 922 862 987 commemoratur,
917 911 1191 994 primum
1231 911 1301 976 in
1344 907 1658 996 Georgis,
1718 931 1844 996 quo
1890 922 2180 994 tempore
2233 930 2382 974 eum

286 1023 544 1095 oportet
585 997 1174 1096 per-adolescentem
1215 1011 1456 1094 fuisse,
1501 1011 1734 1076 deiude
1774 1014 1845 1077 in
1869 1009 2107 1090 Ranis,
2148 1013 2216 1076 in
2248 1011 2384 1077 Ge-

281 1111 552 1195 rytade,
596 1112 666 1175 in
708 1108 1022 1201 Pelargis.
1107 1102 1271 1178 D'ixi
1327 1113 1659 1200 equidem,
1703 1115 1843 1198 jam
1898 1110 2029 1178 alio
2084 1115 2154 1177 in
2208 1113 2380 1193 loco,

182 1217 190 1223 “
282 1210 598 1299 Pelargos
653 1215 724 1278 in
780 1213 1122 1301 postremis
1176 1200 1426 1279 Comici
1482 1213 1721 1280 fabulis
1766 1213 1938 1280 haud
1995 1214 2187 1280 dubie
2233 1202 2386 1282 censs·

152 1392 163 1397 ‚
280 1316 529 1381 sendos
575 1335 739 1380 esse.
824 1315 976 1383 Alia
1018 1314 1339 1409 quaedam
1377 1326 1486 1379 me‘
1524 1329 1776 1401 praeter
1813 1313 2126 1381 Meletum
2163 1337 2382 1381 move-

287 1416 480 1495 bant,
523 1428 595 1479 ut
633 1415 945 1482 Patroclis
983 1420 1230 1483 mentio
1273 1430 1339 1481 et
1375 1414 1769 1498 Neoclidae,
1815 1419 1895 1485 de
1939 1416 2171 1505 quibus
2214 1419 2386 1484 infra

286 1523 415 1584 erit
439 1521 799 1585 disserendi
831 1518 1032 1586 locus.
1096 1517 1404 1585 Ceterum
1434 1542 1563 1585 non
1593 1534 1754 1600 erat,
1781 1522 1949 1608 quod
1974 1519 2385 1593 Meineekius

284 1623 339 1688 l.
380 1622 429 1688 l.
485 1626 556 1689 in
592 1620 991 1689 scholiastae
1051 1623 1287 1688 verbis‘
1323 1644 1445 1708 pro
1498 1621 1724 1706 ἔθηκεν
1779 1627 2131 1706 καθῆκεν
2183 1623 2386 1689 scribi

284 1724 504 1791 vellet.
588 1722 1041 1810 pervulgatum
1086 1729 1243 1788 s'ane
1287 1739 1390 1799 est
1429 1722 1594 1788 illud
1633 1723 1930 1789 καθιέναι
1947 1723 2272 1811 δράματα,
2316 1740 2386 1797 at

284 1818 487 1905 etiam
543 1826 668 1894 hoc
724 1823 993 1889 alterum
1066 1824 1314 1891 haberit
1355 1822 1784 1904 scholiastae,
1842 1824 2047 1889 veluti
2094 1827 2175 1893 ad
2215 1823 2382 1891 Ran-

288 1926 714 2015 10550060)
757 1925 970 2000 διττὰς
1011 1926 1250 2001 θέσεις,
1291 1923 1574 1989 τουτέστι
1618 1926 2022 2001 διδασκαλίας
2062 1931 2189 1991 τῶν
2214 1930 2389 2013 Περ-

288 2036 446 2095 σῶν.
531 2027 676 2115 (ῌο
729 2028 858 2092 hoo
912 2040 1127 2092 tamen
1179 2024 1226 2089 l.
1270 2023 1325 2107 l.
1368 2024 1751 2091 Dindorfius
1806 2030 1878 2091 in
1917 2026 2247 2095 Addendis
2301 2028 2387 2095 ad

289 2127 559 2195 Scholia
606 2152 671 2216 p.
701 2150 831 2193 xm
878 2125 1379 2212 „Certissimam
1438 2123 1806 2193 casauboni
1870 2129 2385 2196 emendationem

286 2217 629 2298 confirmat
684 2251 975 2295 meorum
1027 2228 1225 2300 MSS.
1286 2233 1477 2294 unius
1544 2226 1741 2295 lectio
1797 2228 2198 2308 καταθέσειςε
2257 2224 2385 2299 hoc

274 2326 466 2398 'enim
510 2346 608 2397 est
649 2332 1077 2417 καθέσεις.“),
1118 2334 1189 2395 ἰιι
1232 2345 1612 2418 argumento
1655 2331 1844 2397 Pacis
1873 2332 2133 2398 Veneto
2158 2355 2223 2420 p.
2258 2340 2386 2401 244

285 2424 506 2503 Bekk.
547 2434 620 2500 τὸ
642 2431 877 2522 ’δρᾶμα
918 2434 1220 2514 τέθεικεν,
1273 2432 1389 2498 ubi
1413 2433 1798 2499 Dindorfius
1838 2441 2125 2501 καθεῖκεν
2165 2440 2387 2524 requi-

288 2536 495 2605 rebat.
540 2534 779 2602 Contra
822 2540 891 2601 in
938 2535 1158 2601 Schol.
1192 2537 1272 2601 ad
1305 2536 1582 2620 Lysistr.
1630 2543 1797 2603 1094
1836 2543 1948 2622 τῆς
1986 2538 2386 2617 καταθέσεως

288 2636 520 2705 ταύτοῦ
559 2644 674 2704 τοῦ
721 2638 1042 2723 ὁράματος
1081 2637 1228 2723 lege
1260 2659 1432 2720 'cum
1487 2637 1987 2704 Hemsterhnsio
2043 2640 2384 2719 καθίσεως.

291 2740 386 2808 Ut
427 2739 637 2827 ἀγῶνα
678 2740 921 2804 τιθέναι
963 2735 1291 2825 significat
1348 2754 1672 2803 certamen
1718 2761 1861 2804 cum
1901 2746 2191 2826 praemio
2234 2764 2388 2809 con-

158 2909 171 2920 „
211 2825 223 2854 ¹
283 2846 583 2929 junctum
625 2860 982 2927 proponere
1025 2838 1365 2926 (Xenoph.
1398 2831 1758 2905 Memor-ab.
1787 2840 1906 2921 111,
1938 2847 2040 2920 12,
2073 2850 2133 2908 1.
2171 2842 2385 2910 Anah.

288 2943 347 3024 1,
375 2952 438 3024 2,
475 2945 603 3027 10),
645 2945 740 3020 ita
770 2944 984 3027 δρᾶμα
1021 2942 1266 3029 τιθέναι
1307 2941 1594 3004 declarat
1632 2937 1920 3005 fabulam
1965 2946 2386 3022 committere,

272 3048 580 3135 ‘praemio
614 3046 961 3131 proposito.
1042 3041 1229 3110 Nihil
1259 3043 1432 3108 enim
1463 3040 1894 3108 huc'attinent
1920 3040 2130 3120 θέσεις
2156 3041 2392 3127 placita

287 3145 668 3235 philosophi
710 3145 978 3227 (Athen.
1009 3144 1127 3226 IV,
1161 3150 1307 3225 130,
1337 3146 1401 3209 d.
1444 3142 1601 3223 VII,
1631 3148 1780 3224 280,
1809 3143 1919 3230 a.).
2003 3139 2151 3209 Hoc
2192 3145 2391 3231 igitur

290 3250 657 3335 fragmento
732 3248 1087 3334 quaedam.
1132 3249 1500 3313 immanitas
1574 3267 1827 3314 morum
1887 3265 2204 3334 expressa
2266 3259 2385 3312 est.

289 3349 589 3437 Namque
617 3347 823 3415 libido
861 3352 989 3413 ista
1001 3382 1023 3428 ·,
1065 3372 1106 3413 a
1128 3349 1301 3434 Lajo
1331 3346 1678 3435 Orpheove
1719 3352 1927 3435 repeti
1968 3348 2159 3415 solita
2184 3336 2409 3414 Grae-'

294 3456 392 3518 cis
438 3443 799 3531 veteribus,
860 3452 968 3537 qui
1010 3447 1209 3537 ‚vulgo
1251 3452 1517 3516 nimium
1564 3445 1742 3515 tanta
1779 3452 2050 3516 infamia
2090 3449 2386 3535 flagrant,

293 3574 511 3642 usqne¹
541 3574 620 3618 eo
665 3554 805 3617 fera
846 3551 1217 3632 videbatur,
1263 3566 1336 3617 ut
1376 3554 1761 3639 paedicones
1806 3567 2110 3638 tanquam
2151 3554 2387 3615 usitato

285 3659 561 3723 «nomine
602 3643 885 3739 Ἄγριόυς
923 3657 1312 3733 vocitarent,
1373 3657 1557 3740 cujus
1601 3677 1754 3720 usus
1797 3649 2100 3736 exempla
2139 3649 2390 3715 Aristo-

293 3757 552 3845 phanis,
595 3754 942 3821 Aeschinis
982 3745 1452 3848 multorumque
1482 3758 2044 3843 grammaticorum
2074 3753 2278 3839 intpp.
2304 3754 2405 3819 ad‘

294 3858 523 3926 Nubes
536 3855 615 3926 Ὗ.
640 3863 765 3924 348
809 3855 1225 3942 collegerunt.
1312 3856 1522 3937 Adde,
1556 3879 1745 3943 quem
1773 3853 1963 3920 affert
1982 3853 2386 3935 Dindor'fius,

296 3957 878 4045 Wyttenbachium
921 3960 1002 4023 ad
1045 3956 1333 4023 Platonis
1374 3957 1702 4023 Phaedon.
1737 3980 1798 4043 p.
1829 3962 1975 4022 20⁷.
2047 3955 2390 4034 Quoniam

298 4077 515 4129 antem
558 4060 752 4149 longe
795 4058 1086 4145 plurimis
1133 4061 1484 4125 comoediis
1531 4079 1766 4125 nomen
1814 4081 1854 4123 a
1884 4058 2095 4124 Choro
2128 4059 2391 4143 imposi-

296 4163 436 4230 tum
483 4178 615 4245 est,
674 4166 1014 4250 opinemur
1065 4182 1223 4227 sane
1281 4164 1488 4227 etiam’
1529 4160 1642 4225 hic
1685 4157 1971 4225 Chorum
2013 4183 2053 4223 e
2098 4158 2389 4252 Pelasgis

299 4268 692 4347 constitisse,
733 4266 801 4332 id
839 4279 939 4332 est
980 4286 1017 4328 e
1059 4265 1356 4351 pessimis
1393 4265 1669 4329 fortasse
1702 4255 2102 4354 hominibus,
2122 4281 2406 4348 quornm„
