2759 4850
993 371 1668 472 n1ssnnrar1o.·
2195 402 2348 472 265

253 576 461 641 timus
493 598 637 642 cum
656 575 1007 644 =Meinekio
1049 582 1129 645 de
1157 578 1286 647 alio
1331 548 1607 668 quodam
1636 601 1826 646 versu
1856 575 2355 666 apud'C‘lemen-
2433 591 2437 602 '

251 691 393 742 tem
438 678 950 790 Alexandrinum
983 681 1220 747 Sti-om.
1252 682 1372 763 vl,
1403 707 1465 769 p.
1492 690 1641 764 748,
1677 688 1755 748 15
1785 683 1857 747 P.
1898 684 1984 768 (p.
2014 690 2137 750 265
2173 684 2354 769 Sylb.

440 842 698 914 magister
744 843 909 894 modo
962 841 1080 910 ipse
1129 846 1388 898 attulerat.
1461 847 1620 898 Nunc
1657 842 1790 900 mihi
1835 843 2025 912 aliquis
2077 826 2261 897 videat
2302 827 2358 898 et⁹

445 926 891 981 Choeroboscum
935 928 995 981 in
1028 929 1205 982 Bekk.
1242 929 1454 984 Anecd.
1496 932 1721 999 p..1380
1769 928 1961 996 ἔχομεν
2009 924 2112 996 τήν
2160 928 2357 997 ’χρῆσιν

443 1011 547 1067 ’ἑοῦ
585 1007 664 1081 ἦν
700 1009 828 1083 ἐγώ
877 1010 1033 1081 παρὰ
1067 1008 1441 1082 Ἀριστοφάνει
1476 1012 1536 1069 ὃν
1569 1013 1993 1082 Πλοῦτῳ--καὶ
2029 1010 2184 1080 παρὰ
2222 1018 2357 1068 Ms-

440 1096 656 1168 νάνδρῳ
692 1095 753 1151 ἐν
791 1093 866 1164 τῷ
901 1097 1172 1168 Γιωργῷ·
1221 1091 1297 1167 ἦν
1328 1094 1386 1152 δ’
1421 1094 1486 1172 opi
1518 1096 1757 1168 πονηρὼ
1790 1093 1918 1152 οὐδ’
1952 1093 2357 1167 ἐδόκουν.,“ιι1ιί

442 1184 502 1238 in
542 1183 827 1237 Menandri
865 1185 1050 1239 verbis
1100 1180 1160 1237 δ’
1195 1188 1391 1252 deleo,
1444 1195 1504 1239 ut
1551 1186 1642 1240 hic
1691 1202 1803 1239 non
1855 1185 2061 1249 minus,
2107 1201 2264 1255 quam
2298 1184 2364 1240 in

442 1270 808 1339 Aristophane
830 1274 1003 1326 altera
1037 1271 1210 1346 forma
1243 1270 1367 1340 ipso
1399 1272 1550 1324 hiatu
1584 1274 1924 1348 excludatur,
1952 1280 2006 1323 et
2026 1288 2163 1325 vero
2195 1272 2359 1325 etiam

439 1357 821 1427 Etymologum
855 1354 982 1423 431,
1020 1359 1087 1408 15
1132 1355 1196 1408 τὸ
1246 1358 1347 1424 μὲν
1395 1348 1476 1425 ἦν
1523 1354 1653 1427 ἐγὼ
1703 1349 2264 1426 παρᾶιἍριστοφᾰνεφ
2301 1359 2360 1414 ἐν

324 1429 331 1440 ’
437 1438 705 1509 Πλούτῳ,
751 1444 960 1511 γίνεται
1005 1436 1194 1495 οὕτως.
1264 1444 1328 1493 In
1365 1441 1475 1495 hoc
1524 1448 1756 1511 utroque
1805 1443 2357 1514 grammatico·verba

379 1515 397 1585 ζ
439 1519 511 1597 ἦν
554 1525 659 1596 ἐγώ
700 1536 919 1597 apparet
948 1526 1030 1580 ‘sic
1065 1528 1382 1595 explicanda
1420 1543 1560 1595 esse,
1602 1521 1673 1595 ἦν
1708 1531 1873 1596 prima
1903 1545 2149 1595 persona,
2197 1549 2356 1597 eram,

433 1631 614 1683 neque
645 1616 815 1667 ullum
857 1615 1018 1667 alium
1054 1615 1196 1667 Pluti
1227 1631 1452 1668 versum
1485 1615 1588 1670 nisi
1624 1631 1765 1680 eum,
1804 1623 1966 1682 quem
2001 1614 2359 1668 cummaxime

435 1702 674 1755 attuli—
702 1707 795 1754 κα)
841 1692 1091 1768 stimet}
1100 1720 1223 1754 ν-
1252 1708 1373 1763 aut,
1412 1701 1459 1753 si
1491 1701 1663 1766 forte,
1695 1717 1754 1754 v
1781 1701 1905 1755 696.
1945 1702 2049 1753 822
2083 1702 2186 1753 ista
2220 1700 2362 1754 scri-

340 1819 345 1826 ⁴
432 1789 681 1842 bentibus
717 1785 998 1842 obversari
1034 1786 1290 1855 potuisse
1359 1786 1440 1843 At
1462 1785 1658 1841 Smdas
1694 1803 1856 1853 quum
1894 1785 2021 1853 quid
2056 1785 2159 1842 sibi
2189 1787 2359 1840 vellet
2419 1790 2429 1800 ‘

433 1873 565 1926 illud
604 1865 673 1938 ἦν
714 1869 817 1941 ἐγώ
853 1872 1071 1925 minime
1111 1880 1383 1925 assecutus
1421 1882 1582 1937 esset,
1624 1870 2039 1924 diversissimam
2068 1872 2358 1923 formulam

432 1950 504 2025 ἦν
539 1953 597 2012 δ’
635 1953 737 2025 ἐγώ
772 1966 974 2010 temere
1009 1957 1345 2009 substitutam
1379 1960 1539 2009 Pluto
1557 1955 1932 2023 Aristophanis
1953 1953 2153 2024 primus
2178 1956 2360 2008 homi-'-

352 2065 361 2085 ι
396 2031 401 2043 ’
435 2059 566 2094 ιιιιιιι
600 2042 822 2094 donavit
852 2039 1136 2112 additaque
1175 2043 1538 2111 explicatione
1573 2040 1714 2111 ἔφην
1748 2036 1806 2093 δὲ
1837 2027 1942 2110 ἐγῶ
1969 2043 2115 2096 cavit
2145 2043 2356 2109 sedulo,

433 2143 506 2181 ne
540 2122 660 2198 quis
692 2125 866 2195 ipsum
895 2130 1062 2198 culpa‘
1077 2128 1346 2182 liberaret.
1418 2130 1665 2182 Zonaras
1698 2144 1767 2181 an
1802 2126 1861 2178 in
1898 2129 2139 2194 ejusdem
2157 2128 2360 2183 erroris

433 2213 746 2267 societatem
791 2213 977 2268 veniat
1026 2231 1084 2283 p.
1130 2216 1238 2270 997
1283 2208 1400 2270 Ἠν
1448 2207 1508 2267 δ’
1542 2211 1674 2283 ἐγώ.
1723 2210 1868 2279 ἔφην
1915 2207 1970 2264 δ’
2022 2206 2147 2279 ἐγώ.
2200 2210 2359 2281 παραὶ

436 2291 702 2353 utinm
725 2304 839 2386 'aaz
868 2293 1273 2374 Ἀριστοφᾶνει.
1313 2305 1409 2358 καὶ
1453 2293 1531 2367 ἦν
1591 2292 1719 2351 «int
1767 2318 1860 2352 του
1918 2294 2186 2366 {iamt—-
2242 2314 2359 2352 non

400 2375 407 2386 ’
437 2385 753 2459 decernam.
815 2387 1093 2441 locutione
1153 2375 1226 2452 ην
1274 2378 1331 2438 δ’
1375 2380 1487 2455 ἐγω
1535 2384 1929 2453 Aristophanes
1978 2385 2124 2452 quod
2188 2382 2357 2437 sciam

431 2474 602 2535 semel
640 2479 873 2525 tantum.
897 2490 1027 2551 usus
1062 2480 1145 2526 est
1181 2473 1319 2542 qu.
1347 2472 1488 2539 632,
1526 2480 1612 2525 ter
1645 2480 1823 2525 autem
1859 2461 1898 2537 ἦ
1926 2463 1984 2521 δ’
2020 2463 2085 2522 ὃς
2120 2484 2357 2538 persona

352 2576 355 2581 ·
436 2558 598 2610 tertia
629 2556 794 2627 Vesp.
826 2560 932 2615 796
965 2560 1196 2628 Lysistr.
1224 2561 1329 2612 513
1367 2559 1508 2610 Plut.
1544 2559 1664 2619 1¹9,
1700 2565 1754 2609 at
1786 2558 1947 2615 Pluto
1979 2563 2207 2624 utraque
2242 2564 2358 2609 tum

431 2631 527 2708 ἧδ’
560 2635 621 2694 ὃς
652 2649 765 2695 tum
801 2631 870 2707 ἦν
903 2637 963 2695 δ’
988 2640 1094 2711 ἐγω
1129 2642 1460 2711 saepissime.
1529 2642 1676 2699 Hinc
1710 2651 1764 2695 et
1780 2642 2123 2709 Lexiphanes
2160 2641 2357 2711 aliique

437 2727 689 2780 Graeculi
722 2727 852 2779 huic
885 2726 1088 2780 similes
1117 2736 1409 2796 utrumque
1443 2743 1605 2796 quam
1630 2736 1854 2795 possent
1880 2726 2207 2780 creberrime
2241 2728 2366 2780 stu-5

435 2813 630 2864 debant
653 2811 929 2889 inculcare
964 2820 1018 2865 et
1042 2814 1373 2885 grammatici
1391 2800 1541 2865 hunc
1573 2829 1733 2865 usum
1748 2812 1987 2865 Platonis
2020 2813 2359 2880 potissimum

418 2897 754 2951 ·auctoritate
789 2882 1095 2952 tuebantur.
1164 2897 1424 2953 Ceterum
1445 2898 1589 2951 idam
1623 2899 1778 2951 Plato
1814 2886 1854 2965 ἦ
1880 2916 2018 2950 eram
2052 2898 2188 2951 locis
2216 2901 2357 2955 dixit

431 2983 927 3050 innumerabilibus,
963 2972 1037 3037 its
1055 2986 1201 3054 quod
1236 3000 1348 3038 non
1383 2983 1554 3055 magis
1588 2982 1729 3055 fugit
1769 2983 2145 3056 grammaticos
2179 2986 2380 3043 veluti·

324 3067 345 3078 ‘
437 3070 879 3124 Choeroboscum
914 3069 972 3122 in
1011 3070 1188 3123 Bekk.
1224 3070 1435 3126 Anecd.
1468 3089 1523 3140 p.
1565 3073 1706 3125 1379
1738 3060 1774 3138 ἦ
1809 3064 1938 3122 ἀντὶ
1980 3065 2077 3123 τοῦ
2110 3065 2359 3140 ὖπῆρχον

431 3153 505 3208 uie
544 3149 688 3224 παρ’
698 3150 1109 3260 Ἀριστρφανει
1146 3157 1204 3210 ἐν
1228 3150 1498 3222 Ὄρνισιν·
1549 3157 1637 3224 (v.
1672 3157 1761 3223 97,
1799 3154 1892 3206 ubi
1931 3147 2004 3222 ἦν
2048 3155 2173 3209 libri
2223 3173 2355 3210 con-

431 3240 651 3308 stanter)
688 3232 727 3308 ἦ
775 3238 884 3311 γοέρ
926 3238 1033 3310 ἐγώ
1069 3243 1217 3303 ξένος
1253 3237 1558 3309 ἅνθρωπος
1596 3241 1731 3312 (sic)
1780 3247 1875 3294 καὶ
1907 3236 2124 3308 παρᾰ
2131 3236 2355 3295 112«-
2446 3302 2454 3325 Ι

429 3344 604 3381 tama
660 3323 696 3395 ἤ
756 3323 1002 3394 χρῆσις
1064 3325 1376 3396 eventus.
1365 3365 1409 3391 .‚
1468 3345 1628 3398 quem
1675 3329 1857 3380 locum
1908 3329 2167 3380 Bet-kern,
2227 3345 2351 3381 cum

436 3415 606 3464 altero
677 3410 1048 3466 Choerobosci
1116 3415 1184 3464 ad
1243 3414 1614 3467 Theodosium
1702 3413 1932 3466 debebat
2004 3416 2335 3486 conjungere

320 3498 333 3515 ²
434 3499 597 3569 Quod
646 3508 819 3552 autem
857 3499 1199 3551 Grammatici
1212 3491 1317 3567 ἦν
1365 3519 1504 3552 eram
1535 3502 1693 3552 Pluto
1739 3498 1973 3552 maxime
2012 3488 2350 3566 confirmant,

424 3583 734 3639 meminisse
768 3591 1015 3651 poterant
1048 3601 1160 3637 non
1197 3586 1370 3638 solum
1409 3602 1603 3639 versus
1640 3587 1744 3652 29,
1796 3586 1893 3637 sed
1930 3583 2092 3636 etiam
2135 3601 2194 3638 v·
2224 3585 2349 3661 696.

428 3672 552 3725 822.
593 3669 796 3723 Contra
832 3688 889 3724 v.
927 3672 1017 3726 77
1035 3667 1175 3725 male
1212 3681 1264 3726 et
1311 3674 1555 3724 nonnulli
1590 3671 1799 3724 Dobrei
1835 3669 2009 3722 Codd.
2058 3678 2109 3721 et
2159 3684 2347 3723 omnes

426 3756 668 3811 Bekkeri
699 3748 787 3823 ἦν,
808 3766 1063 3835 recteque
1094 3777 1148 3829 η,
1166 3767 1227 3811 ut
1252 3760 1420 3830 vulgo
1455 3757 1608 3810 multi
1641 3757 1965 3810 invenerant
1997 3756 2346 3827 grammatici,

320 3866 325 3877 ·
426 3843 487 3897 in
523 3859 591 3896 eo
625 3859 820 3908 versu,
861 3844 952 3912 qui
984 3846 1077 3898 vel
1118 3845 1237 3912 ipso
1277 3860 1416 3899 sono
1451 3844 1710 3915 tragicum
1743 3839 1954 3909 prodit,
2012 3835 2101 3891 δεῖ
2134 3837 2239 3909 γὰρ
2275 3836 2350 3894 wc

410 3926 615 3981 ’ἔοικέ
603 3947 675 3996 με
702 3924 938 4035 Γλέγοιν,
972 3923 1013 3981 ἁ
1029 3926 1293 3996 κρύπτειν
1326 3953 1362 3999 η
1334 3924 1906 4000 παρεσκευασμένος.
1932 3925 2163 3979 Certum
2195 3935 2345 3993 pute,

428 4016 657 4067 formam
703 4008 742 4082 ἦ
779 4036 915 4070 eram
950 4017 1076 4071 inde
1111 4035 1143 4069 a
1176 4016 1508 4086 temporibus
1541 4013 1754 4067 mediae
1788 4027 2073 4080 novaeque
2107 4003 2348 4063 Comoo-
2391 4020 2408 4035 ‘
2464 4022 2469 4033 ·

433 4101 553 4155 diae
590 4101 864 4170 paullatim
913 4103 972 4156 in
1012 4104 1344 4159 oblivionem
1390 4102 1564 4156 abisse
1601 4116 1842 4169 moxque
1887 4100 2110 4151 alteram
2150 4089 2223 4162 ἦν
2254 4113 2346 4149 re-

428 4188 687 4243 mansisse
721 4190 926 4243 solam:
981 4204 1172 4249 verum
1210 4190 1315 4260 ipsi
1364 4188 1534 4243 Attici
1573 4204 1738 4258 quum
1774 4195 2004 4254 utraque
2050 4189 2347 4247 uterentur,

428 4285 635 4331 certum
659 4276 840 4344 potius
859 4275 1117 4346 judicium
1140 4278 1296 4348 sequi
1331 4278 1617 4343 debebant,
1651 4289 1810 4343 quam
1845 4267 2138 4325 ludibrium
2169 4282 2344 4321 casus.
