<?xml version="1.0" encoding="UTF-8"?>
<!DOCTYPE html PUBLIC "-//W3C//DTD XHTML 1.0 Transitional//EN"
    "http://www.w3.org/TR/xhtml1/DTD/xhtml1-transitional.dtd">
<html xmlns="http://www.w3.org/1999/xhtml" xml:lang="en" lang="en">
 <head>
  <title>
</title>
<meta http-equiv="Content-Type" content="text/html;charset=utf-8" />
  <meta name='ocr-system' content='tesseract 3.04.00' />
  <meta name='ocr-capabilities' content='ocr_page ocr_carea ocr_par ocr_line ocrx_word'/>
</head>
<body>
  <div class='ocr_page' id='page_1' title='image "./quaestionesaris01unkngoog_0283.png"; bbox 0 0 2759 4850; ppageno 0'>
   <div class='ocr_carea' id='block_1_1' title="bbox 610 343 677 410">
    <p class='ocr_par' dir='ltr' id='par_1_1' title="bbox 610 343 677 410">
     <span class='ocr_line' id='line_1_1' title="bbox 610 343 677 410; baseline 0 -56"><span class='ocrx_word' id='word_1_1' title='bbox 610 343 677 410; x_wconf 39' lang='grc' dir='ltr'><strong>Ι..</strong></span> 
     </span>
    </p>
   </div>
   <div class='ocr_carea' id='block_1_2' title="bbox 891 405 2300 480">
    <p class='ocr_par' dir='ltr' id='par_1_2' title="bbox 891 405 2300 480">
     <span class='ocr_line' id='line_1_2' title="bbox 891 405 2300 480; baseline -0.006 -3"><span class='ocrx_word' id='word_1_2' title='bbox 891 417 1564 480; x_wconf 74' lang='grc' dir='ltr'><strong>ΒΙΒΒΕΒΤΑΤΙΟ.</strong></span> <span class='ocrx_word' id='word_1_3' title='bbox 1774 441 1780 466; x_wconf 68' lang='grc' dir='ltr'><strong>ι</strong></span> <span class='ocrx_word' id='word_1_4' title='bbox 2156 405 2300 471; x_wconf 79' lang='grc'><strong>277</strong></span> 
     </span>
    </p>
   </div>
   <div class='ocr_carea' id='block_1_3' title="bbox 128 559 2380 1490">
    <p class='ocr_par' dir='ltr' id='par_1_3' title="bbox 128 559 2380 1490">
     <span class='ocr_line' id='line_1_3' title="bbox 136 559 2341 674; baseline -0.005 -17"><span class='ocrx_word' id='word_1_5' title='bbox 136 649 147 656; x_wconf 76' lang='grc'><em>.</em></span> <span class='ocrx_word' id='word_1_6' title='bbox 187 588 401 657; x_wconf 88' lang='lat' dir='ltr'><strong>Nunc</strong></span> <span class='ocrx_word' id='word_1_7' title='bbox 429 590 745 674; x_wconf 86' lang='lat' dir='ltr'><strong>experiar,</strong></span> <span class='ocrx_word' id='word_1_8' title='bbox 774 587 1051 653; x_wconf 76' lang='lat' dir='ltr'><strong>liceatne</strong></span> <span class='ocrx_word' id='word_1_9' title='bbox 1071 587 1237 651; x_wconf 90' lang='lat' dir='ltr'><strong>hanc</strong></span> <span class='ocrx_word' id='word_1_10' title='bbox 1267 608 1407 651; x_wconf 89' lang='lat' dir='ltr'><strong>rem</strong></span> <span class='ocrx_word' id='word_1_11' title='bbox 1426 583 1658 668; x_wconf 70' lang='lat' dir='ltr'><strong>melius</strong></span> <span class='ocrx_word' id='word_1_12' title='bbox 1683 587 1875 648; x_wconf 83' lang='lat' dir='ltr'><strong>etiam</strong></span> <span class='ocrx_word' id='word_1_13' title='bbox 1903 559 2306 671; x_wconf 77' lang='lat' dir='ltr'><strong>diligentius·</strong></span> <span class='ocrx_word' id='word_1_14' title='bbox 2337 657 2341 664; x_wconf 70' lang='lat'>‚</span> 
     </span>
     <span class='ocr_line' id='line_1_4' title="bbox 192 685 2300 797; baseline -0.003 -41"><span class='ocrx_word' id='word_1_15' title='bbox 192 714 334 778; x_wconf 84' lang='lat' dir='ltr'><strong>que</strong></span> <span class='ocrx_word' id='word_1_16' title='bbox 367 689 735 797; x_wconf 80' lang='lat' dir='ltr'><strong>explanare.</strong></span> <span class='ocrx_word' id='word_1_17' title='bbox 784 689 1219 773; x_wconf 79' lang='lat' dir='ltr'><strong>Thucydides,</strong></span> <span class='ocrx_word' id='word_1_18' title='bbox 1260 690 1368 775; x_wconf 85' lang='lat' dir='ltr'><strong>qui</strong></span> <span class='ocrx_word' id='word_1_19' title='bbox 1405 700 1537 751; x_wconf 90' lang='lat' dir='ltr'><strong>tum</strong></span> <span class='ocrx_word' id='word_1_20' title='bbox 1580 685 1755 752; x_wconf 85' lang='lat' dir='ltr'><strong>aliud</strong></span> <span class='ocrx_word' id='word_1_21' title='bbox 1797 706 1996 772; x_wconf 86' lang='lat' dir='ltr'><strong>agens</strong></span> <span class='ocrx_word' id='word_1_22' title='bbox 2028 685 2193 749; x_wconf 88' lang='lat' dir='ltr'><strong>forte</strong></span> <span class='ocrx_word' id='word_1_23' title='bbox 2230 687 2300 749; x_wconf 90' lang='lat' dir='ltr'><strong>in</strong></span> 
     </span>
     <span class='ocr_line' id='line_1_5' title="bbox 189 786 2304 906; baseline -0.005 -47"><span class='ocrx_word' id='word_1_24' title='bbox 189 794 385 859; x_wconf 84' lang='lat' dir='ltr'><strong>hunc</strong></span> <span class='ocrx_word' id='word_1_25' title='bbox 429 791 787 857; x_wconf 85' lang='lat' dir='ltr'><strong>sermonem</strong></span> <span class='ocrx_word' id='word_1_26' title='bbox 832 794 1089 869; x_wconf 82' lang='lat' dir='ltr'><strong>incidit,</strong></span> <span class='ocrx_word' id='word_1_27' title='bbox 1135 793 1257 854; x_wconf 89' lang='lat' dir='ltr'><strong>etsi</strong></span> <span class='ocrx_word' id='word_1_28' title='bbox 1297 811 1433 864; x_wconf 86' lang='lat' dir='ltr'><strong>rem</strong></span> <span class='ocrx_word' id='word_1_29' title='bbox 1473 791 1698 874; x_wconf 86' lang='lat' dir='ltr'><strong>paucis</strong></span> <span class='ocrx_word' id='word_1_30' title='bbox 1727 786 2209 906; x_wconf 80' lang='lat' dir='ltr'><strong>comprehendit</strong></span> <span class='ocrx_word' id='word_1_31' title='bbox 2239 800 2304 850; x_wconf 86' lang='lat' dir='ltr'><strong>et</strong></span> 
     </span>
     <span class='ocr_line' id='line_1_6' title="bbox 190 881 2380 981; baseline -0.002 -21"><span class='ocrx_word' id='word_1_32' title='bbox 190 895 549 961; x_wconf 78' lang='lat' dir='ltr'><strong>obscurius</strong></span> <span class='ocrx_word' id='word_1_33' title='bbox 607 892 924 981; x_wconf 80' lang='lat' dir='ltr'><strong>loquitur,</strong></span> <span class='ocrx_word' id='word_1_34' title='bbox 986 909 1197 959; x_wconf 86' lang='lat' dir='ltr'><strong>tamen</strong></span> <span class='ocrx_word' id='word_1_35' title='bbox 1246 881 1717 956; x_wconf 84' lang='lat' dir='ltr'><strong>Enneacrunon</strong></span> <span class='ocrx_word' id='word_1_36' title='bbox 1766 893 1904 954; x_wconf 90' lang='lat' dir='ltr'><strong>sive</strong></span> <span class='ocrx_word' id='word_1_37' title='bbox 1924 934 1944 968; x_wconf 89' lang='lat'><strong>,</strong></span> <span class='ocrx_word' id='word_1_38' title='bbox 1997 895 2086 954; x_wconf 92' lang='lat' dir='ltr'><strong>ut</strong></span> <span class='ocrx_word' id='word_1_39' title='bbox 2148 885 2304 956; x_wconf 86' lang='lat' dir='ltr'><strong>olim</strong></span> <span class='ocrx_word' id='word_1_40' title='bbox 2375 911 2380 920; x_wconf 78' lang='grc'>’</span> 
     </span>
     <span class='ocr_line' id='line_1_7' title="bbox 191 990 2305 1079; baseline -0.004 -16"><span class='ocrx_word' id='word_1_41' title='bbox 191 999 382 1064; x_wconf 78' lang='lat' dir='ltr'><strong>dicta</strong></span> <span class='ocrx_word' id='word_1_42' title='bbox 420 1008 602 1073; x_wconf 84' lang='lat' dir='ltr'><strong>erat,</strong></span> <span class='ocrx_word' id='word_1_43' title='bbox 645 994 1029 1060; x_wconf 84' lang='lat' dir='ltr'><strong>Calirrhoen</strong></span> <span class='ocrx_word' id='word_1_44' title='bbox 1070 998 1330 1060; x_wconf 88' lang='lat' dir='ltr'><strong>nomine</strong></span> <span class='ocrx_word' id='word_1_45' title='bbox 1376 992 1689 1079; x_wconf 72' lang='grc' dir='ltr'><strong><em>κρήνης</em></strong></span> <span class='ocrx_word' id='word_1_46' title='bbox 1730 993 1928 1058; x_wconf 88' lang='lat' dir='ltr'><strong>fontis</strong></span> <span class='ocrx_word' id='word_1_47' title='bbox 1973 1005 2108 1055; x_wconf 90' lang='lat' dir='ltr'><strong>arte</strong></span> <span class='ocrx_word' id='word_1_48' title='bbox 2150 990 2305 1054; x_wconf 87' lang='lat' dir='ltr'><strong>facti</strong></span> 
     </span>
     <span class='ocr_line' id='line_1_8' title="bbox 189 1094 2305 1184; baseline -0.004 -21"><span class='ocrx_word' id='word_1_49' title='bbox 189 1098 494 1164; x_wconf 79' lang='lat' dir='ltr'><strong>declarat</strong></span> <span class='ocrx_word' id='word_1_50' title='bbox 519 1100 706 1184; x_wconf 78' lang='lat' dir='ltr'><strong>eique</strong></span> <span class='ocrx_word' id='word_1_51' title='bbox 747 1097 960 1181; x_wconf 88' lang='lat' dir='ltr'><strong>plures</strong></span> <span class='ocrx_word' id='word_1_52' title='bbox 998 1097 1250 1182; x_wconf 82' lang='grc' dir='ltr'><strong><em>πηγὰς</em></strong></span> <span class='ocrx_word' id='word_1_53' title='bbox 1290 1111 1540 1161; x_wconf 87' lang='lat' dir='ltr'><strong>meatus</strong></span> <span class='ocrx_word' id='word_1_54' title='bbox 1583 1095 1690 1158; x_wconf 85' lang='lat' dir='ltr'><strong>vel</strong></span> <span class='ocrx_word' id='word_1_55' title='bbox 1731 1096 2154 1180; x_wconf 83' lang='lat' dir='ltr'><strong>scaturigines</strong></span> <span class='ocrx_word' id='word_1_56' title='bbox 2194 1094 2305 1156; x_wconf 89' lang='lat' dir='ltr'><strong>tri-</strong></span> 
     </span>
     <span class='ocr_line' id='line_1_9' title="bbox 187 1192 2362 1286; baseline -0.004 -21"><span class='ocrx_word' id='word_1_57' title='bbox 187 1202 353 1286; x_wconf 68' lang='lat' dir='ltr'><strong>huit</strong></span> <span class='ocrx_word' id='word_1_58' title='bbox 380 1202 690 1286; x_wconf 75' lang='grc' dir='ltr'><strong>(φανερῶν</strong></span> <span class='ocrx_word' id='word_1_59' title='bbox 716 1205 842 1264; x_wconf 84' lang='grc' dir='ltr'><strong>τῶν</strong></span> <span class='ocrx_word' id='word_1_60' title='bbox 870 1206 1080 1284; x_wconf 69' lang='grc' dir='ltr'><strong><em>πηγῶν</em></strong></span> <span class='ocrx_word' id='word_1_61' title='bbox 1110 1196 1361 1282; x_wconf 77' lang='grc' dir='ltr'><strong><em>οὐσῶν).</em></strong></span> <span class='ocrx_word' id='word_1_62' title='bbox 1406 1198 1760 1261; x_wconf 84' lang='lat' dir='ltr'><strong>Pausanias</strong></span> <span class='ocrx_word' id='word_1_63' title='bbox 1780 1210 1992 1260; x_wconf 86' lang='lat' dir='ltr'><strong>autem</strong></span> <span class='ocrx_word' id='word_1_64' title='bbox 2025 1217 2103 1259; x_wconf 91' lang='lat' dir='ltr'><strong>eo</strong></span> <span class='ocrx_word' id='word_1_65' title='bbox 2132 1192 2304 1271; x_wconf 90' lang='lat' dir='ltr'><strong>loco,</strong></span> <span class='ocrx_word' id='word_1_66' title='bbox 2357 1269 2362 1276; x_wconf 24' lang='grc' dir='ltr'><strong><em>Ι</em></strong></span> 
     </span>
     <span class='ocr_line' id='line_1_10' title="bbox 128 1293 2309 1391; baseline -0.004 -24"><span class='ocrx_word' id='word_1_67' title='bbox 128 1293 139 1302; x_wconf 49' lang='grc'><strong>”’</strong></span> <span class='ocrx_word' id='word_1_68' title='bbox 193 1324 400 1391; x_wconf 79' lang='lat' dir='ltr'><strong>quem</strong></span> <span class='ocrx_word' id='word_1_69' title='bbox 426 1323 619 1385; x_wconf 87' lang='lat' dir='ltr'><strong>snpra</strong></span> <span class='ocrx_word' id='word_1_70' title='bbox 646 1303 805 1379; x_wconf 86' lang='lat' dir='ltr'><strong>dixi,</strong></span> <span class='ocrx_word' id='word_1_71' title='bbox 837 1302 1309 1365; x_wconf 89' lang='lat' dir='ltr'><strong>Enneacrunon</strong></span> <span class='ocrx_word' id='word_1_72' title='bbox 1340 1314 1405 1364; x_wconf 89' lang='lat' dir='ltr'><strong>et</strong></span> <span class='ocrx_word' id='word_1_73' title='bbox 1433 1298 1663 1387; x_wconf 77' lang='grc' dir='ltr'><strong><em>κρήνην</em></strong></span> <span class='ocrx_word' id='word_1_74' title='bbox 1700 1313 1764 1363; x_wconf 90' lang='lat' dir='ltr'><strong>et</strong></span> <span class='ocrx_word' id='word_1_75' title='bbox 1804 1299 2005 1381; x_wconf 83' lang='grc' dir='ltr'><strong><em>πηγὴν</em></strong></span> <span class='ocrx_word' id='word_1_76' title='bbox 2032 1297 2309 1380; x_wconf 85' lang='lat' dir='ltr'><strong>promis-</strong></span> 
     </span>
     <span class='ocr_line' id='line_1_11' title="bbox 198 1395 2306 1490; baseline -0.004 -20"><span class='ocrx_word' id='word_1_77' title='bbox 198 1426 335 1471; x_wconf 74' lang='lat' dir='ltr'><strong>cue</strong></span> <span class='ocrx_word' id='word_1_78' title='bbox 366 1402 641 1490; x_wconf 83' lang='lat' dir='ltr'><strong>appellat</strong></span> <span class='ocrx_word' id='word_1_79' title='bbox 656 1404 941 1485; x_wconf 77' lang='grc' dir='ltr'>(πλησίον</span> <span class='ocrx_word' id='word_1_80' title='bbox 971 1404 1045 1468; x_wconf 80' lang='grc' dir='ltr'><strong>δέ</strong></span> <span class='ocrx_word' id='word_1_81' title='bbox 1067 1404 1196 1467; x_wconf 70' lang='grc' dir='ltr'>ἐστι</span> <span class='ocrx_word' id='word_1_82' title='bbox 1217 1402 1412 1489; x_wconf 88' lang='grc' dir='ltr'><strong><em>κρήνη</em></strong></span> <span class='ocrx_word' id='word_1_83' title='bbox 1432 1415 1589 1465; x_wconf 83' lang='lat' dir='ltr'><strong>——et</strong></span> <span class='ocrx_word' id='word_1_84' title='bbox 1614 1401 1776 1486; x_wconf 76' lang='grc' dir='ltr'><strong><em>πηγὴ</em></strong></span> <span class='ocrx_word' id='word_1_85' title='bbox 1811 1401 1881 1465; x_wconf 79' lang='grc' dir='ltr'><strong>δὲ</strong></span> <span class='ocrx_word' id='word_1_86' title='bbox 1910 1397 2066 1481; x_wconf 73' lang='grc' dir='ltr'><strong><em>αὕτη</em></strong></span> <span class='ocrx_word' id='word_1_87' title='bbox 2094 1395 2306 1480; x_wconf 73' lang='grc' dir='ltr'><strong><em>μόνη).</em></strong></span> 
     </span>
    </p>
   </div>
   <div class='ocr_carea' id='block_1_4' title="bbox 196 1495 2410 1588">
    <p class='ocr_par' dir='ltr' id='par_1_4' title="bbox 196 1495 2410 1588">
     <span class='ocr_line' id='line_1_12' title="bbox 196 1495 2410 1588; baseline -0.004 -16"><span class='ocrx_word' id='word_1_88' title='bbox 196 1505 313 1573; x_wconf 83' lang='lat' dir='ltr'><strong>Ita</strong></span> <span class='ocrx_word' id='word_1_89' title='bbox 356 1505 468 1570; x_wconf 86' lang='lat' dir='ltr'><strong>ille</strong></span> <span class='ocrx_word' id='word_1_90' title='bbox 510 1518 648 1568; x_wconf 87' lang='lat' dir='ltr'><strong>tum</strong></span> <span class='ocrx_word' id='word_1_91' title='bbox 693 1506 973 1588; x_wconf 85' lang='lat' dir='ltr'><strong>quidem.</strong></span> <span class='ocrx_word' id='word_1_92' title='bbox 1057 1507 1148 1569; x_wconf 82' lang='lat' dir='ltr'><strong>At</strong></span> <span class='ocrx_word' id='word_1_93' title='bbox 1190 1523 1342 1569; x_wconf 86' lang='lat' dir='ltr'><strong>vero</strong></span> <span class='ocrx_word' id='word_1_94' title='bbox 1388 1506 1561 1568; x_wconf 88' lang='lat' dir='ltr'><strong>idem</strong></span> <span class='ocrx_word' id='word_1_95' title='bbox 1606 1504 1731 1567; x_wconf 87' lang='lat' dir='ltr'><strong>duo</strong></span> <span class='ocrx_word' id='word_1_96' title='bbox 1767 1514 2100 1586; x_wconf 87' lang='lat' dir='ltr'><strong>praeterea</strong></span> <span class='ocrx_word' id='word_1_97' title='bbox 2142 1495 2307 1574; x_wconf 84' lang='lat' dir='ltr'><strong>alios</strong></span> <span class='ocrx_word' id='word_1_98' title='bbox 2400 1567 2410 1586; x_wconf 43' lang='lat' dir='ltr'><strong><em>s</em></strong></span> 
     </span>
    </p>
   </div>
   <div class='ocr_carea' id='block_1_5' title="bbox 148 1599 2440 3822">
    <p class='ocr_par' dir='ltr' id='par_1_5' title="bbox 148 1599 2440 3822">
     <span class='ocr_line' id='line_1_13' title="bbox 197 1599 2354 1692; baseline -0.004 -19"><span class='ocrx_word' id='word_1_99' title='bbox 197 1609 472 1674; x_wconf 81' lang='lat' dir='ltr'><strong>fontes</strong></span> <span class='ocrx_word' id='word_1_100' title='bbox 452 1628 523 1669; x_wconf 88' lang='grc' dir='ltr'><strong>ιιι</strong></span> <span class='ocrx_word' id='word_1_101' title='bbox 553 1608 791 1672; x_wconf 86' lang='lat' dir='ltr'><strong>vicinia</strong></span> <span class='ocrx_word' id='word_1_102' title='bbox 820 1604 1141 1692; x_wconf 86' lang='lat' dir='ltr'><strong>acropolis</strong></span> <span class='ocrx_word' id='word_1_103' title='bbox 1179 1610 1400 1691; x_wconf 87' lang='lat' dir='ltr'><strong>ponit,</strong></span> <span class='ocrx_word' id='word_1_104' title='bbox 1447 1604 1719 1669; x_wconf 89' lang='lat' dir='ltr'><strong>alterum</strong></span> <span class='ocrx_word' id='word_1_105' title='bbox 1751 1603 1808 1682; x_wconf 87' lang='lat' dir='ltr'><strong>l,</strong></span> <span class='ocrx_word' id='word_1_106' title='bbox 1856 1610 1960 1681; x_wconf 85' lang='lat'><strong>21,</strong></span> <span class='ocrx_word' id='word_1_107' title='bbox 1988 1608 2029 1667; x_wconf 83' lang='lat'><strong>7</strong></span> <span class='ocrx_word' id='word_1_108' title='bbox 2069 1599 2195 1665; x_wconf 67' lang='grc' dir='ltr'>ἔστι</span> <span class='ocrx_word' id='word_1_109' title='bbox 2240 1600 2310 1665; x_wconf 69' lang='grc' dir='ltr'><strong>δὲ</strong></span> <span class='ocrx_word' id='word_1_110' title='bbox 2339 1668 2354 1688; x_wconf 30' lang='grc' dir='ltr'>ἱ</span> 
     </span>
     <span class='ocr_line' id='line_1_14' title="bbox 202 1703 2384 1798; baseline -0.004 -23"><span class='ocrx_word' id='word_1_111' title='bbox 202 1711 279 1775; x_wconf 66' lang='grc' dir='ltr'><strong>ἐν</strong></span> <span class='ocrx_word' id='word_1_112' title='bbox 324 1708 495 1795; x_wconf 78' lang='grc' dir='ltr'><strong><em>αὐτῷ</em></strong></span> <span class='ocrx_word' id='word_1_113' title='bbox 539 1706 768 1798; x_wconf 78' lang='grc' dir='ltr'><strong><em>κρήνη,</em></strong></span> <span class='ocrx_word' id='word_1_114' title='bbox 817 1709 898 1772; x_wconf 92' lang='lat' dir='ltr'><strong>ad</strong></span> <span class='ocrx_word' id='word_1_115' title='bbox 934 1709 1160 1776; x_wconf 84' lang='lat' dir='ltr'><strong>aedem</strong></span> <span class='ocrx_word' id='word_1_116' title='bbox 1191 1705 1600 1791; x_wconf 80' lang='lat' dir='ltr'><strong>Aesculapii,</strong></span> <span class='ocrx_word' id='word_1_117' title='bbox 1645 1705 1916 1769; x_wconf 77' lang='lat' dir='ltr'><strong>alterurn</strong></span> <span class='ocrx_word' id='word_1_118' title='bbox 1942 1703 1995 1781; x_wconf 93' lang='grc' dir='ltr'><strong>Ι,</strong></span> <span class='ocrx_word' id='word_1_119' title='bbox 2026 1710 2133 1781; x_wconf 83' lang='grc'><strong>28,</strong></span> <span class='ocrx_word' id='word_1_120' title='bbox 2163 1707 2309 1768; x_wconf 82' lang='grc'><strong>4-</strong></span> <span class='ocrx_word' id='word_1_121' title='bbox 2381 1717 2384 1720; x_wconf 76' lang='grc'><strong>’</strong></span> 
     </span>
     <span class='ocr_line' id='line_1_15' title="bbox 201 1799 2312 1896; baseline -0.004 -19"><span class='ocrx_word' id='word_1_122' title='bbox 201 1808 375 1896; x_wconf 79' lang='grc' dir='ltr'><strong><em>πηγή</em></strong></span> <span class='ocrx_word' id='word_1_123' title='bbox 419 1835 484 1875; x_wconf 83' lang='grc' dir='ltr'><strong>τε</strong></span> <span class='ocrx_word' id='word_1_124' title='bbox 530 1799 758 1884; x_wconf 65' lang='grc' dir='ltr'><strong><em>ὕδατός</em></strong></span> <span class='ocrx_word' id='word_1_125' title='bbox 787 1809 929 1892; x_wconf 74' lang='grc' dir='ltr'>ἐστι</span> <span class='ocrx_word' id='word_1_126' title='bbox 960 1811 1055 1872; x_wconf 90' lang='lat' dir='ltr'><strong>ad·</strong></span> <span class='ocrx_word' id='word_1_127' title='bbox 1074 1809 1297 1871; x_wconf 89' lang='lat' dir='ltr'><strong>fanum</strong></span> <span class='ocrx_word' id='word_1_128' title='bbox 1330 1805 1659 1893; x_wconf 86' lang='lat' dir='ltr'><strong>Apollinis</strong></span> <span class='ocrx_word' id='word_1_129' title='bbox 1688 1820 1752 1869; x_wconf 85' lang='lat' dir='ltr'><strong>et</strong></span> <span class='ocrx_word' id='word_1_130' title='bbox 1779 1806 1999 1869; x_wconf 81' lang='lat' dir='ltr'><strong>PaniS.</strong></span> <span class='ocrx_word' id='word_1_131' title='bbox 2063 1802 2312 1868; x_wconf 86' lang='lat' dir='ltr'><strong>Viden-</strong></span> 
     </span>
     <span class='ocr_line' id='line_1_16' title="bbox 206 1873 2311 1995; baseline -0.003 -18"><span class='ocrx_word' id='word_1_132' title='bbox 206 1926 318 1977; x_wconf 84' lang='lat' dir='ltr'><strong>tur</strong></span> <span class='ocrx_word' id='word_1_133' title='bbox 364 1912 527 1975; x_wconf 84' lang='lat' dir='ltr'><strong>haec</strong></span> <span class='ocrx_word' id='word_1_134' title='bbox 571 1914 776 1995; x_wconf 84' lang='lat' dir='ltr'><strong>primo</strong></span> <span class='ocrx_word' id='word_1_135' title='bbox 821 1873 965 1973; x_wconf 70' lang='lat' dir='ltr'><strong>loco</strong></span> <span class='ocrx_word' id='word_1_136' title='bbox 1009 1929 1388 1994; x_wconf 85' lang='lat' dir='ltr'><strong>repugnare,</strong></span> <span class='ocrx_word' id='word_1_137' title='bbox 1436 1911 1505 1971; x_wconf 90' lang='lat' dir='ltr'><strong>in</strong></span> <span class='ocrx_word' id='word_1_138' title='bbox 1534 1928 1660 1994; x_wconf 89' lang='lat' dir='ltr'><strong>quo</strong></span> <span class='ocrx_word' id='word_1_139' title='bbox 1692 1905 1890 1972; x_wconf 80' lang='lat' dir='ltr'><strong>ullam</strong></span> <span class='ocrx_word' id='word_1_140' title='bbox 1922 1928 2067 1968; x_wconf 88' lang='lat' dir='ltr'><strong>esse</strong></span> <span class='ocrx_word' id='word_1_141' title='bbox 2109 1906 2311 1990; x_wconf 81' lang='grc' dir='ltr'><strong><em>πηγὴν</em></strong></span> 
     </span>
     <span class='ocr_line' id='line_1_17' title="bbox 205 1994 2312 2096; baseline -0.002 -18"><span class='ocrx_word' id='word_1_142' title='bbox 205 2016 279 2078; x_wconf 85' lang='lat' dir='ltr'><strong>in</strong></span> <span class='ocrx_word' id='word_1_143' title='bbox 329 2007 463 2075; x_wconf 91' lang='lat' dir='ltr'><strong>tota</strong></span> <span class='ocrx_word' id='word_1_144' title='bbox 496 1994 655 2074; x_wconf 85' lang='lat' dir='ltr'><strong>urbe</strong></span> <span class='ocrx_word' id='word_1_145' title='bbox 680 2010 957 2075; x_wconf 84' lang='lat' dir='ltr'><strong>Athenis</strong></span> <span class='ocrx_word' id='word_1_146' title='bbox 993 2023 1244 2096; x_wconf 86' lang='lat' dir='ltr'><strong>praeter</strong></span> <span class='ocrx_word' id='word_1_147' title='bbox 1275 2009 1749 2072; x_wconf 87' lang='lat' dir='ltr'><strong>Enneacrunon</strong></span> <span class='ocrx_word' id='word_1_148' title='bbox 1784 2010 2155 2093; x_wconf 87' lang='lat' dir='ltr'><strong>negaverat,</strong></span> <span class='ocrx_word' id='word_1_149' title='bbox 2192 2030 2312 2092; x_wconf 70' lang='grc' dir='ltr'>ιιρο</span> 
     </span>
     <span class='ocr_line' id='line_1_18' title="bbox 209 2108 2312 2213; baseline -0.002 -34"><span class='ocrx_word' id='word_1_150' title='bbox 209 2114 455 2179; x_wconf 87' lang='lat' dir='ltr'><strong>idcirco</strong></span> <span class='ocrx_word' id='word_1_151' title='bbox 497 2125 713 2176; x_wconf 90' lang='lat' dir='ltr'><strong>tamen</strong></span> <span class='ocrx_word' id='word_1_152' title='bbox 759 2123 1142 2213; x_wconf 80' lang='lat' dir='ltr'><strong>repugnant.</strong></span> <span class='ocrx_word' id='word_1_153' title='bbox 1230 2108 1397 2174; x_wconf 88' lang='lat' dir='ltr'><strong>Nam</strong></span> <span class='ocrx_word' id='word_1_154' title='bbox 1443 2132 1636 2195; x_wconf 88' lang='lat' dir='ltr'><strong>quum</strong></span> <span class='ocrx_word' id='word_1_155' title='bbox 1666 2133 1751 2174; x_wconf 83' lang='lat' dir='ltr'><strong>ex</strong></span> <span class='ocrx_word' id='word_1_156' title='bbox 1780 2108 2203 2194; x_wconf 81' lang='lat' dir='ltr'><strong>Thucydide</strong></span> <span class='ocrx_word' id='word_1_157' title='bbox 2202 2133 2312 2195; x_wconf 89' lang='lat' dir='ltr'><strong>ap-</strong></span> 
     </span>
     <span class='ocr_line' id='line_1_19' title="bbox 210 2199 2309 2332; baseline -0.001 -53"><span class='ocrx_word' id='word_1_158' title='bbox 210 2227 477 2303; x_wconf 80' lang='lat' dir='ltr'><strong>pareat,</strong></span> <span class='ocrx_word' id='word_1_159' title='bbox 538 2213 783 2332; x_wconf 84' lang='lat' dir='ltr'><strong>fontem</strong></span> <span class='ocrx_word' id='word_1_160' title='bbox 838 2199 1023 2277; x_wconf 81' lang='lat' dir='ltr'><strong>illum</strong></span> <span class='ocrx_word' id='word_1_161' title='bbox 1056 2212 1287 2298; x_wconf 85' lang='lat' dir='ltr'><strong>plures</strong></span> <span class='ocrx_word' id='word_1_162' title='bbox 1333 2211 1640 2276; x_wconf 82' lang='lat' dir='ltr'><strong>habuisse</strong></span> <span class='ocrx_word' id='word_1_163' title='bbox 1696 2210 1984 2276; x_wconf 88' lang='lat' dir='ltr'><strong>alveolos</strong></span> <span class='ocrx_word' id='word_1_164' title='bbox 2030 2210 2309 2300; x_wconf 71' lang='grc' dir='ltr'><strong>(πηγὰς),</strong></span> 
     </span>
     <span class='ocr_line' id='line_1_20' title="bbox 214 2299 2307 2405; baseline -0.001 -23"><span class='ocrx_word' id='word_1_165' title='bbox 214 2321 328 2405; x_wconf 81' lang='lat' dir='ltr'><strong>qui</strong></span> <span class='ocrx_word' id='word_1_166' title='bbox 370 2339 409 2380; x_wconf 90' lang='lat' dir='ltr'><strong>a</strong></span> <span class='ocrx_word' id='word_1_167' title='bbox 454 2299 779 2380; x_wconf 86' lang='lat' dir='ltr'><strong>communi</strong></span> <span class='ocrx_word' id='word_1_168' title='bbox 825 2317 1032 2399; x_wconf 86' lang='lat' dir='ltr'><strong>capite</strong></span> <span class='ocrx_word' id='word_1_169' title='bbox 1082 2336 1306 2402; x_wconf 86' lang='lat' dir='ltr'><strong>omnes</strong></span> <span class='ocrx_word' id='word_1_170' title='bbox 1348 2313 1777 2400; x_wconf 78' lang='lat' dir='ltr'><strong>profluerent,</strong></span> <span class='ocrx_word' id='word_1_171' title='bbox 1827 2314 2186 2397; x_wconf 87' lang='lat' dir='ltr'><strong>Pausanias</strong></span> <span class='ocrx_word' id='word_1_172' title='bbox 2240 2318 2307 2380; x_wconf 88' lang='lat' dir='ltr'><strong>in</strong></span> 
     </span>
     <span class='ocr_line' id='line_1_21' title="bbox 213 2405 2388 2523; baseline -0.001 -38"><span class='ocrx_word' id='word_1_173' title='bbox 213 2423 422 2508; x_wconf 86' lang='lat' dir='ltr'><strong>primo</strong></span> <span class='ocrx_word' id='word_1_174' title='bbox 466 2417 613 2482; x_wconf 89' lang='lat' dir='ltr'><strong>loco</strong></span> <span class='ocrx_word' id='word_1_175' title='bbox 646 2431 910 2481; x_wconf 85' lang='lat' dir='ltr'><strong>cunctos</strong></span> <span class='ocrx_word' id='word_1_176' title='bbox 939 2415 1228 2482; x_wconf 85' lang='lat' dir='ltr'><strong>alveolos</strong></span> <span class='ocrx_word' id='word_1_177' title='bbox 1258 2439 1389 2484; x_wconf 90' lang='lat' dir='ltr'><strong>uno</strong></span> <span class='ocrx_word' id='word_1_178' title='bbox 1411 2415 1616 2481; x_wconf 64' lang='lat' dir='ltr'><strong>sontis</strong></span> <span class='ocrx_word' id='word_1_179' title='bbox 1647 2418 1905 2481; x_wconf 89' lang='lat' dir='ltr'><strong>nomine</strong></span> <span class='ocrx_word' id='word_1_180' title='bbox 1937 2416 2312 2523; x_wconf 79' lang='lat' dir='ltr'><strong>complexus</strong></span> <span class='ocrx_word' id='word_1_181' title='bbox 2384 2405 2388 2412; x_wconf 35' lang='lat'>⁴</span> 
     </span>
     <span class='ocr_line' id='line_1_22' title="bbox 216 2508 2312 2606; baseline -0 -20"><span class='ocrx_word' id='word_1_182' title='bbox 216 2535 340 2599; x_wconf 81' lang='lat' dir='ltr'><strong>est,</strong></span> <span class='ocrx_word' id='word_1_183' title='bbox 374 2525 443 2584; x_wconf 92' lang='lat' dir='ltr'><strong>in</strong></span> <span class='ocrx_word' id='word_1_184' title='bbox 474 2522 748 2584; x_wconf 85' lang='lat' dir='ltr'><strong>caeteris</strong></span> <span class='ocrx_word' id='word_1_185' title='bbox 779 2541 895 2583; x_wconf 90' lang='lat' dir='ltr'><strong>eos</strong></span> <span class='ocrx_word' id='word_1_186' title='bbox 933 2510 1252 2602; x_wconf 75' lang='lat' dir='ltr'><strong>disjunxit</strong></span> <span class='ocrx_word' id='word_1_187' title='bbox 1281 2520 1401 2602; x_wconf 71' lang='grc'><strong>59).</strong></span> <span class='ocrx_word' id='word_1_188' title='bbox 1444 2517 1721 2583; x_wconf 86' lang='lat' dir='ltr'><strong>Videtur</strong></span> <span class='ocrx_word' id='word_1_189' title='bbox 1747 2522 1944 2606; x_wconf 89' lang='lat' dir='ltr'><strong>igitur</strong></span> <span class='ocrx_word' id='word_1_190' title='bbox 1974 2508 2312 2585; x_wconf 62' lang='lat' dir='ltr'><strong>Calin-rho&amp;</strong></span> 
     </span>
     <span class='ocr_line' id='line_1_23' title="bbox 218 2618 2312 2704; baseline -0 -17"><span class='ocrx_word' id='word_1_191' title='bbox 218 2626 414 2687; x_wconf 83' lang='lat' dir='ltr'><strong>trium</strong></span> <span class='ocrx_word' id='word_1_192' title='bbox 447 2622 711 2683; x_wconf 89' lang='lat' dir='ltr'><strong>omnino</strong></span> <span class='ocrx_word' id='word_1_193' title='bbox 749 2619 951 2682; x_wconf 83' lang='lat' dir='ltr'><strong>fuisse</strong></span> <span class='ocrx_word' id='word_1_194' title='bbox 981 2622 1278 2704; x_wconf 88' lang='lat' dir='ltr'><strong>partium.</strong></span> <span class='ocrx_word' id='word_1_195' title='bbox 1355 2618 1531 2695; x_wconf 79' lang='lat' dir='ltr'><strong>Quid</strong></span> <span class='ocrx_word' id='word_1_196' title='bbox 1562 2641 1740 2698; x_wconf 81' lang='lat' dir='ltr'><strong>vero,</strong></span> <span class='ocrx_word' id='word_1_197' title='bbox 1771 2624 1829 2685; x_wconf 85' lang='lat' dir='ltr'><strong>si</strong></span> <span class='ocrx_word' id='word_1_198' title='bbox 1860 2643 2028 2686; x_wconf 89' lang='lat' dir='ltr'><strong>unus</strong></span> <span class='ocrx_word' id='word_1_199' title='bbox 2061 2636 2312 2701; x_wconf 83' lang='lat' dir='ltr'><strong>tantum</strong></span> 
     </span>
     <span class='ocr_line' id='line_1_24' title="bbox 218 2714 2313 2803; baseline 0 -15"><span class='ocrx_word' id='word_1_200' title='bbox 218 2724 368 2789; x_wconf 80' lang='lat' dir='ltr'><strong>fons</strong></span> <span class='ocrx_word' id='word_1_201' title='bbox 423 2723 634 2803; x_wconf 83' lang='lat' dir='ltr'><strong>major</strong></span> <span class='ocrx_word' id='word_1_202' title='bbox 695 2721 967 2783; x_wconf 78' lang='lat' dir='ltr'><strong>caeteris</strong></span> <span class='ocrx_word' id='word_1_203' title='bbox 1017 2741 1058 2782; x_wconf 86' lang='lat' dir='ltr'><strong>a</strong></span> <span class='ocrx_word' id='word_1_204' title='bbox 1102 2714 1437 2783; x_wconf 83' lang='lat' dir='ltr'><strong>Pisistrato</strong></span> <span class='ocrx_word' id='word_1_205' title='bbox 1491 2722 1583 2783; x_wconf 89' lang='lat' dir='ltr'><strong>ita</strong></span> <span class='ocrx_word' id='word_1_206' title='bbox 1635 2734 1998 2786; x_wconf 84' lang='lat' dir='ltr'><strong>exstructus</strong></span> <span class='ocrx_word' id='word_1_207' title='bbox 2040 2737 2176 2803; x_wconf 89' lang='lat' dir='ltr'><strong>est,</strong></span> <span class='ocrx_word' id='word_1_208' title='bbox 2214 2738 2313 2789; x_wconf 87' lang='lat' dir='ltr'><strong>-ut</strong></span> 
     </span>
     <span class='ocr_line' id='line_1_25' title="bbox 148 2819 2315 2911; baseline -0 -21"><span class='ocrx_word' id='word_1_209' title='bbox 148 2832 159 2851; x_wconf 87' lang='lat'><strong><em>‘</em></strong></span> <span class='ocrx_word' id='word_1_210' title='bbox 222 2845 387 2911; x_wconf 87' lang='lat' dir='ltr'><strong>aqua</strong></span> <span class='ocrx_word' id='word_1_211' title='bbox 410 2840 467 2886; x_wconf 61' lang='lat' dir='ltr'><strong>*e</strong></span> <span class='ocrx_word' id='word_1_212' title='bbox 508 2819 952 2907; x_wconf 21' lang='lat' dir='ltr'><strong>novem-tubis</strong></span> <span class='ocrx_word' id='word_1_213' title='bbox 995 2835 1379 2905; x_wconf 85' lang='lat' dir='ltr'><strong>erumperet,</strong></span> <span class='ocrx_word' id='word_1_214' title='bbox 1413 2824 1651 2886; x_wconf 85' lang='lat' dir='ltr'><strong>caeteri</strong></span> <span class='ocrx_word' id='word_1_215' title='bbox 1691 2834 1904 2886; x_wconf 88' lang='lat' dir='ltr'><strong>autem</strong></span> <span class='ocrx_word' id='word_1_216' title='bbox 1936 2825 2066 2886; x_wconf 89' lang='lat' dir='ltr'><strong>duo</strong></span> <span class='ocrx_word' id='word_1_217' title='bbox 2098 2825 2315 2889; x_wconf 84' lang='lat' dir='ltr'><strong>fontes</strong></span> 
     </span>
     <span class='ocr_line' id='line_1_26' title="bbox 224 2918 2315 3010; baseline 0 -22"><span class='ocrx_word' id='word_1_218' title='bbox 224 2924 466 3010; x_wconf 79' lang='grc' dir='ltr'><strong>(πηγαὶ)</strong></span> <span class='ocrx_word' id='word_1_219' title='bbox 513 2935 736 3009; x_wconf 83' lang='lat' dir='ltr'><strong>postea</strong></span> <span class='ocrx_word' id='word_1_220' title='bbox 778 2923 989 2985; x_wconf 81' lang='lat' dir='ltr'><strong>ornati</strong></span> <span class='ocrx_word' id='word_1_221' title='bbox 1031 2934 1203 2999; x_wconf 87' lang='lat' dir='ltr'><strong>sunt,</strong></span> <span class='ocrx_word' id='word_1_222' title='bbox 1249 2918 1412 2986; x_wconf 89' lang='lat' dir='ltr'><strong>alter</strong></span> <span class='ocrx_word' id='word_1_223' title='bbox 1455 2942 1605 3002; x_wconf 89' lang='lat' dir='ltr'><strong>una,</strong></span> <span class='ocrx_word' id='word_1_224' title='bbox 1650 2920 1812 2987; x_wconf 88' lang='lat' dir='ltr'><strong>alter</strong></span> <span class='ocrx_word' id='word_1_225' title='bbox 1856 2921 2101 2988; x_wconf 86' lang='lat' dir='ltr'><strong>duabus</strong></span> <span class='ocrx_word' id='word_1_226' title='bbox 2130 2923 2315 2990; x_wconf 79' lang='lat' dir='ltr'><strong>fistu-</strong></span> 
     </span>
     <span class='ocr_line' id='line_1_27' title="bbox 223 3021 2316 3112; baseline -0 -19"><span class='ocrx_word' id='word_1_227' title='bbox 223 3026 347 3095; x_wconf 61' lang='lat' dir='ltr'><strong>list</strong></span> <span class='ocrx_word' id='word_1_228' title='bbox 434 3023 858 3095; x_wconf 84' lang='lat' dir='ltr'><strong>Commendat</strong></span> <span class='ocrx_word' id='word_1_229' title='bbox 894 3021 1018 3086; x_wconf 90' lang='lat' dir='ltr'><strong>hoc</strong></span> <span class='ocrx_word' id='word_1_230' title='bbox 1061 3035 1126 3086; x_wconf 90' lang='lat' dir='ltr'><strong>et</strong></span> <span class='ocrx_word' id='word_1_231' title='bbox 1163 3024 1557 3104; x_wconf 78' lang='lat' dir='ltr'><strong>PausaniaS,</strong></span> <span class='ocrx_word' id='word_1_232' title='bbox 1598 3027 1707 3112; x_wconf 87' lang='lat' dir='ltr'><strong>qui</strong></span> <span class='ocrx_word' id='word_1_233' title='bbox 1753 3024 2227 3090; x_wconf 80' lang='lat' dir='ltr'><strong>Enneacrunon</strong></span> <span class='ocrx_word' id='word_1_234' title='bbox 2270 3049 2316 3092; x_wconf 87' lang='lat' dir='ltr'><strong>a</strong></span> 
     </span>
     <span class='ocr_line' id='line_1_28' title="bbox 164 3125 2310 3214; baseline 0 -20"><span class='ocrx_word' id='word_1_235' title='bbox 164 3136 179 3139; x_wconf 66' lang='grc'><em>“</em></span> <span class='ocrx_word' id='word_1_236' title='bbox 223 3129 557 3194; x_wconf 83' lang='lat' dir='ltr'><strong>Pisistrato</strong></span> <span class='ocrx_word' id='word_1_237' title='bbox 600 3137 978 3190; x_wconf 83' lang='lat' dir='ltr'><strong>exornatam</strong></span> <span class='ocrx_word' id='word_1_238' title='bbox 1008 3128 1259 3212; x_wconf 74' lang='grc' dir='ltr'><strong><em>πηγὴν</em></strong></span> <span class='ocrx_word' id='word_1_239' title='bbox 1302 3150 1556 3214; x_wconf 88' lang='lat' dir='ltr'><strong>quoque</strong></span> <span class='ocrx_word' id='word_1_240' title='bbox 1597 3125 1903 3213; x_wconf 87' lang='lat' dir='ltr'><strong>appellat,</strong></span> <span class='ocrx_word' id='word_1_241' title='bbox 1932 3140 1998 3192; x_wconf 86' lang='lat' dir='ltr'><strong>et</strong></span> <span class='ocrx_word' id='word_1_242' title='bbox 2023 3127 2310 3210; x_wconf 84' lang='lat' dir='ltr'><strong>Solinus,</strong></span> 
     </span>
     <span class='ocr_line' id='line_1_29' title="bbox 228 3226 2313 3316; baseline 0.002 -23"><span class='ocrx_word' id='word_1_243' title='bbox 228 3231 339 3316; x_wconf 83' lang='lat' dir='ltr'><strong>qui</strong></span> <span class='ocrx_word' id='word_1_244' title='bbox 400 3226 778 3291; x_wconf 87' lang='lat' dir='ltr'><strong>Calirrhoen</strong></span> <span class='ocrx_word' id='word_1_245' title='bbox 858 3241 924 3291; x_wconf 89' lang='lat' dir='ltr'><strong>et</strong></span> <span class='ocrx_word' id='word_1_246' title='bbox 970 3228 1447 3294; x_wconf 86' lang='lat' dir='ltr'><strong>Enneacrunon</strong></span> <span class='ocrx_word' id='word_1_247' title='bbox 1512 3250 1656 3315; x_wconf 87' lang='lat' dir='ltr'><strong>pro.</strong></span> <span class='ocrx_word' id='word_1_248' title='bbox 1693 3228 1945 3296; x_wconf 82' lang='lat' dir='ltr'><strong>duobus</strong></span> <span class='ocrx_word' id='word_1_249' title='bbox 2024 3229 2313 3298; x_wconf 82' lang='lat' dir='ltr'><strong>fontibus</strong></span> 
     </span>
     <span class='ocr_line' id='line_1_30' title="bbox 224 3330 2317 3419; baseline 0 -22"><span class='ocrx_word' id='word_1_250' title='bbox 224 3331 476 3408; x_wconf 84' lang='lat' dir='ltr'><strong>habuit,</strong></span> <span class='ocrx_word' id='word_1_251' title='bbox 520 3343 585 3393; x_wconf 94' lang='lat' dir='ltr'><strong>et</strong></span> <span class='ocrx_word' id='word_1_252' title='bbox 628 3351 779 3393; x_wconf 80' lang='lat' dir='ltr'><strong>vero</strong></span> <span class='ocrx_word' id='word_1_253' title='bbox 815 3332 1011 3395; x_wconf 85' lang='lat' dir='ltr'><strong>etiam</strong></span> <span class='ocrx_word' id='word_1_254' title='bbox 1051 3333 1190 3415; x_wconf 83' lang='lat' dir='ltr'><strong>ipse</strong></span> <span class='ocrx_word' id='word_1_255' title='bbox 1234 3330 1671 3415; x_wconf 74' lang='lat' dir='ltr'><strong>ThucydideS,</strong></span> <span class='ocrx_word' id='word_1_256' title='bbox 1718 3334 1827 3417; x_wconf 82' lang='lat' dir='ltr'><strong>qui</strong></span> <span class='ocrx_word' id='word_1_257' title='bbox 1870 3330 1956 3418; x_wconf 87' lang='lat' dir='ltr'><strong>pl·</strong></span> <span class='ocrx_word' id='word_1_258' title='bbox 1957 3354 2085 3397; x_wconf 76' lang='lat' dir='ltr'><strong>rres</strong></span> <span class='ocrx_word' id='word_1_259' title='bbox 2116 3332 2317 3419; x_wconf 80' lang='grc' dir='ltr'><strong><em>πηγὰς</em></strong></span> 
     </span>
     <span class='ocr_line' id='line_1_31' title="bbox 232 3424 2318 3525; baseline 0 -26"><span class='ocrx_word' id='word_1_260' title='bbox 232 3456 359 3499; x_wconf 88' lang='grc' dir='ltr'>ιιοιι</span> <span class='ocrx_word' id='word_1_261' title='bbox 416 3433 849 3497; x_wconf 86' lang='lat' dir='ltr'><strong>Enneacruno</strong></span> <span class='ocrx_word' id='word_1_262' title='bbox 902 3436 1225 3519; x_wconf 86' lang='lat' dir='ltr'><strong>assignat,</strong></span> <span class='ocrx_word' id='word_1_263' title='bbox 1295 3435 1412 3498; x_wconf 88' lang='lat' dir='ltr'><strong>sed</strong></span> <span class='ocrx_word' id='word_1_264' title='bbox 1466 3424 1849 3525; x_wconf 81' lang='lat' dir='ltr'><strong>Callirrhoe.</strong></span> <span class='ocrx_word' id='word_1_265' title='bbox 1935 3432 2072 3498; x_wconf 85' lang='lat' dir='ltr'><strong>Vix</strong></span> <span class='ocrx_word' id='word_1_266' title='bbox 2115 3436 2318 3519; x_wconf 87' lang='lat' dir='ltr'><strong>igitur</strong></span> 
     </span>
     <span class='ocr_line' id='line_1_32' title="bbox 234 3532 2314 3623; baseline 0 -23"><span class='ocrx_word' id='word_1_267' title='bbox 234 3535 510 3601; x_wconf 87' lang='lat' dir='ltr'><strong>dubitari</strong></span> <span class='ocrx_word' id='word_1_268' title='bbox 552 3546 795 3619; x_wconf 85' lang='lat' dir='ltr'><strong>potest,</strong></span> <span class='ocrx_word' id='word_1_269' title='bbox 852 3538 1003 3620; x_wconf 84' lang='lat' dir='ltr'><strong>quin</strong></span> <span class='ocrx_word' id='word_1_270' title='bbox 1052 3547 1224 3599; x_wconf 88' lang='lat' dir='ltr'><strong>totus</strong></span> <span class='ocrx_word' id='word_1_271' title='bbox 1280 3536 1429 3600; x_wconf 86' lang='lat' dir='ltr'><strong>fons</strong></span> <span class='ocrx_word' id='word_1_272' title='bbox 1485 3557 1718 3600; x_wconf 90' lang='lat' dir='ltr'><strong>nomen</strong></span> <span class='ocrx_word' id='word_1_273' title='bbox 1766 3534 2063 3599; x_wconf 89' lang='lat' dir='ltr'><strong>habuerit</strong></span> <span class='ocrx_word' id='word_1_274' title='bbox 2093 3532 2314 3623; x_wconf 84' lang='lat' dir='ltr'><strong>Calir-</strong></span> 
     </span>
     <span class='ocr_line' id='line_1_33' title="bbox 234 3630 2315 3722; baseline -0 -19"><span class='ocrx_word' id='word_1_275' title='bbox 234 3637 454 3715; x_wconf 68' lang='lat' dir='ltr'><strong>thoes,</strong></span> <span class='ocrx_word' id='word_1_276' title='bbox 499 3638 840 3721; x_wconf 86' lang='lat' dir='ltr'><strong>praecipua</strong></span> <span class='ocrx_word' id='word_1_277' title='bbox 883 3640 1025 3720; x_wconf 88' lang='lat' dir='ltr'><strong>ejus</strong></span> <span class='ocrx_word' id='word_1_278' title='bbox 1070 3659 1217 3722; x_wconf 90' lang='lat' dir='ltr'><strong>pars</strong></span> <span class='ocrx_word' id='word_1_279' title='bbox 1261 3659 1299 3700; x_wconf 92' lang='lat' dir='ltr'><strong>a</strong></span> <span class='ocrx_word' id='word_1_280' title='bbox 1331 3638 1667 3703; x_wconf 82' lang='lat' dir='ltr'><strong>Pisistrato</strong></span> <span class='ocrx_word' id='word_1_281' title='bbox 1712 3649 2036 3700; x_wconf 83' lang='lat' dir='ltr'><strong>exstructa</strong></span> <span class='ocrx_word' id='word_1_282' title='bbox 2077 3630 2315 3702; x_wconf 76' lang='lat' dir='ltr'><strong>nomen</strong></span> 
     </span>
     <span class='ocr_line' id='line_1_34' title="bbox 235 3718 2440 3822; baseline -0 -16"><span class='ocrx_word' id='word_1_283' title='bbox 235 3732 693 3806; x_wconf 84' lang='lat' dir='ltr'><strong>Enneacrunos</strong></span> <span class='ocrx_word' id='word_1_284' title='bbox 742 3739 892 3822; x_wconf 85' lang='lat' dir='ltr'><strong>(etsi</strong></span> <span class='ocrx_word' id='word_1_285' title='bbox 933 3740 1157 3803; x_wconf 89' lang='lat' dir='ltr'><strong>eadem</strong></span> <span class='ocrx_word' id='word_1_286' title='bbox 1199 3739 1471 3805; x_wconf 87' lang='lat' dir='ltr'><strong>fortasse</strong></span> <span class='ocrx_word' id='word_1_287' title='bbox 1515 3718 1709 3805; x_wconf 86' lang='lat' dir='ltr'><strong>etiam</strong></span> <span class='ocrx_word' id='word_1_288' title='bbox 1736 3735 2076 3803; x_wconf 86' lang='lat' dir='ltr'><strong>Calirrhoe</strong></span> <span class='ocrx_word' id='word_1_289' title='bbox 2109 3742 2317 3821; x_wconf 79' lang='lat' dir='ltr'><strong>nomi·</strong></span> <span class='ocrx_word' id='word_1_290' title='bbox 2431 3732 2440 3747; x_wconf 38' lang='lat' dir='ltr'>s</span> 
     </span>
    </p>
   </div>
   <div class='ocr_carea' id='block_1_6' title="bbox 242 3876 652 3890">
    <p class='ocr_par' dir='ltr' id='par_1_6' title="bbox 242 3876 652 3890">
     <span class='ocr_line' id='line_1_35' title="bbox 242 3876 652 3890; baseline 0 960"><span class='ocrx_word' id='word_1_291' title='bbox 242 3876 652 3890; x_wconf 95' lang='lat' dir='ltr'><strong> </strong></span> 
     </span>
    </p>
   </div>
   <div class='ocr_carea' id='block_1_7' title="bbox 285 3924 2322 4411">
    <p class='ocr_par' dir='ltr' id='par_1_7' title="bbox 285 3924 2322 4411">
     <span class='ocr_line' id='line_1_36' title="bbox 285 3924 2320 4015; baseline 0.002 -19"><span class='ocrx_word' id='word_1_292' title='bbox 285 3924 366 4010; x_wconf 57' lang='grc'><strong>59)</strong></span> <span class='ocrx_word' id='word_1_293' title='bbox 406 3944 499 3997; x_wconf 85' lang='lat' dir='ltr'><strong>Sic</strong></span> <span class='ocrx_word' id='word_1_294' title='bbox 530 3943 665 3996; x_wconf 88' lang='lat' dir='ltr'><strong>illud</strong></span> <span class='ocrx_word' id='word_1_295' title='bbox 700 3958 914 4011; x_wconf 84' lang='lat' dir='ltr'><strong>quoque</strong></span> <span class='ocrx_word' id='word_1_296' title='bbox 952 3942 1115 3996; x_wconf 78' lang='lat' dir='ltr'><strong>facile</strong></span> <span class='ocrx_word' id='word_1_297' title='bbox 1148 3943 1482 4015; x_wconf 77' lang='lat' dir='ltr'><strong>intelligitur,</strong></span> <span class='ocrx_word' id='word_1_298' title='bbox 1518 3941 1616 4012; x_wconf 75' lang='lat' dir='ltr'><strong>qui</strong></span> <span class='ocrx_word' id='word_1_299' title='bbox 1635 3945 1847 4011; x_wconf 60' lang='lat' dir='ltr'><strong>¹factum</strong></span> <span class='ocrx_word' id='word_1_300' title='bbox 1880 3944 1965 4012; x_wconf 75' lang='lat' dir='ltr'><strong>sit,</strong></span> <span class='ocrx_word' id='word_1_301' title='bbox 2005 3954 2066 3998; x_wconf 75' lang='lat' dir='ltr'><strong>ut</strong></span> <span class='ocrx_word' id='word_1_302' title='bbox 2100 3946 2320 4002; x_wconf 73' lang='lat' dir='ltr'><strong>Solinus</strong></span> 
     </span>
     <span class='ocr_line' id='line_1_37' title="bbox 404 4028 2319 4088; baseline 0.003 -5"><span class='ocrx_word' id='word_1_303' title='bbox 404 4028 725 4083; x_wconf 78' lang='lat' dir='ltr'><strong>Calin-hoen</strong></span> <span class='ocrx_word' id='word_1_304' title='bbox 784 4035 839 4081; x_wconf 90' lang='lat' dir='ltr'><strong>et</strong></span> <span class='ocrx_word' id='word_1_305' title='bbox 887 4030 1281 4082; x_wconf 88' lang='lat' dir='ltr'><strong>Enneacrunon</strong></span> <span class='ocrx_word' id='word_1_306' title='bbox 1333 4032 1470 4083; x_wconf 86' lang='lat' dir='ltr'><strong>duos</strong></span> <span class='ocrx_word' id='word_1_307' title='bbox 1518 4031 1700 4083; x_wconf 80' lang='lat' dir='ltr'><strong>fontes</strong></span> <span class='ocrx_word' id='word_1_308' title='bbox 1743 4031 1968 4085; x_wconf 83' lang='lat' dir='ltr'><strong>faceret.</strong></span> <span class='ocrx_word' id='word_1_309' title='bbox 2038 4033 2164 4085; x_wconf 83' lang='lat' dir='ltr'><strong>Non</strong></span> <span class='ocrx_word' id='word_1_310' title='bbox 2209 4034 2319 4088; x_wconf 87' lang='lat' dir='ltr'><strong>dici</strong></span> 
     </span>
     <span class='ocr_line' id='line_1_38' title="bbox 368 4114 2318 4191; baseline 0.004 -26"><span class='ocrx_word' id='word_1_311' title='bbox 368 4154 377 4171; x_wconf 84' lang='grc'><strong>,</strong></span> <span class='ocrx_word' id='word_1_312' title='bbox 409 4124 587 4191; x_wconf 78' lang='lat' dir='ltr'><strong>potest</strong></span> <span class='ocrx_word' id='word_1_313' title='bbox 626 4123 954 4183; x_wconf 79' lang='lat' dir='ltr'><strong>quantopere</strong></span> <span class='ocrx_word' id='word_1_314' title='bbox 990 4114 1060 4167; x_wconf 84' lang='lat' dir='ltr'><strong>V.</strong></span> <span class='ocrx_word' id='word_1_315' title='bbox 1098 4116 1171 4167; x_wconf 86' lang='lat' dir='ltr'><strong>D.</strong></span> <span class='ocrx_word' id='word_1_316' title='bbox 1205 4118 1307 4168; x_wconf 86' lang='lat' dir='ltr'><strong>hac</strong></span> <span class='ocrx_word' id='word_1_317' title='bbox 1347 4134 1409 4170; x_wconf 86' lang='lat' dir='ltr'><strong>re</strong></span> <span class='ocrx_word' id='word_1_318' title='bbox 1444 4115 1632 4170; x_wconf 77' lang='lat' dir='ltr'><strong>vexati</strong></span> <span class='ocrx_word' id='word_1_319' title='bbox 1667 4116 1791 4168; x_wconf 86' lang='lat' dir='ltr'><strong>sint.</strong></span> <span class='ocrx_word' id='word_1_320' title='bbox 1860 4119 1930 4171; x_wconf 89' lang='lat' dir='ltr'><strong>V.</strong></span> <span class='ocrx_word' id='word_1_321' title='bbox 1954 4121 2214 4170; x_wconf 79' lang='lat' dir='ltr'><strong>Dukerum</strong></span> <span class='ocrx_word' id='word_1_322' title='bbox 2249 4123 2318 4172; x_wconf 77' lang='lat' dir='ltr'><strong>ad</strong></span> 
     </span>
     <span class='ocr_line' id='line_1_39' title="bbox 409 4186 2322 4273; baseline 0.007 -26"><span class='ocrx_word' id='word_1_323' title='bbox 409 4199 783 4269; x_wconf 84' lang='lat' dir='ltr'><strong>Thucydidem</strong></span> <span class='ocrx_word' id='word_1_324' title='bbox 826 4202 864 4251; x_wconf 93' lang='lat' dir='ltr'><strong>l.</strong></span> <span class='ocrx_word' id='word_1_325' title='bbox 901 4200 939 4253; x_wconf 90' lang='lat'><strong>1.</strong></span> <span class='ocrx_word' id='word_1_326' title='bbox 1012 4200 1215 4267; x_wconf 87' lang='lat' dir='ltr'><strong>Nempe</strong></span> <span class='ocrx_word' id='word_1_327' title='bbox 1249 4201 1470 4257; x_wconf 81' lang='lat' dir='ltr'><strong>Solinus</strong></span> <span class='ocrx_word' id='word_1_328' title='bbox 1512 4186 1699 4271; x_wconf 55' lang='lat' dir='ltr'><strong>veniae</strong></span> <span class='ocrx_word' id='word_1_329' title='bbox 1736 4201 1949 4271; x_wconf 74' lang='lat' dir='ltr'><strong>divisit,</strong></span> <span class='ocrx_word' id='word_1_330' title='bbox 1999 4203 2056 4256; x_wconf 90' lang='lat' dir='ltr'><strong>in</strong></span> <span class='ocrx_word' id='word_1_331' title='bbox 2106 4222 2212 4273; x_wconf 81' lang='lat' dir='ltr'><strong>qua</strong></span> <span class='ocrx_word' id='word_1_332' title='bbox 2257 4207 2322 4260; x_wconf 81' lang='lat' dir='ltr'><strong>re</strong></span> 
     </span>
     <span class='ocr_line' id='line_1_40' title="bbox 414 4287 1206 4355; baseline 0.008 -20"><span class='ocrx_word' id='word_1_333' title='bbox 414 4298 527 4341; x_wconf 76' lang='lat' dir='ltr'><strong>nou</strong></span> <span class='ocrx_word' id='word_1_334' title='bbox 560 4295 675 4339; x_wconf 78' lang='lat' dir='ltr'><strong>erat</strong></span> <span class='ocrx_word' id='word_1_335' title='bbox 707 4287 1206 4355; x_wconf 80' lang='lat' dir='ltr'><strong>reprehendendus.</strong></span> 
     </span>
     <span class='ocr_line' id='line_1_41' title="bbox 1144 4382 1155 4411; baseline 0 -2"><span class='ocrx_word' id='word_1_336' title='bbox 1144 4382 1155 4411; x_wconf 73' lang='grc' dir='ltr'>Ι</span> 
     </span>
    </p>
   </div>
  </div>
 </body>
</html>
