2759 4850
763 407 769 423 ²
855 459 858 466 ,
954 395 1622 458 mssER'rATlo.
1790 398 1798 408 '
2208 387 2355 459 297

124 579 131 592 “
248 569 451 651 istius
497 565 850 633 modestiae
893 543 1045 633 odio
1100 588 1382 653 unquam
1441 545 1640 632 ausus
1687 576 1824 645 est,
1886 549 2111 632 verum
2164 569 2362 660 etiam

246 670 571 757 quidquid,
597 684 736 735 erat
766 670 1196 747 Gomicorum,
1240 667 1366 734 hoc
1390 680 1491 733 est
1517 670 1732 755 ipsum
1758 668 1955 732 etiam
1981 667 2365 754 Aristopha-

242 783 435 851 nem,
465 773 629 866 adeo
661 794 819 859 prae
852 793 924 838 se
963 773 1279 857 despexit,
1301 783 1373 835 ut
1403 768 1531 837 sibi
1565 792 1729 836 unus
1757 791 1981 858 sapere
2012 772 2362 851 videretur,

206 921 211 928 ·
244 873 546 961 reliquos
581 888 794 946 autem
829 876 942 939 vix
971 872 1398 938 in‘bominum
1434 893 1702 938 numero
1742 884 1994 958 putaret
2029 871 2364 939 habendos
2475 915 2484 926 «

245 998 439 1052 esse.
515 975 712 1041 Plura
751 976 1056 1041 adderem
1097 976 1303 1061 deque
1343 971 1492 1039 aliis
1519 971 1821 1041 vitiorum
1855 974 2204 1060 generibus
2232 975 2365 1055 dis-¹

244 1063 584 1158 sorerem,
629 1079 760 1143 nisi
788 1075 977 1142 valde
1014 1097 1297 1142 amarem
1330 1074 1667 1142 Cratinum
1687 1125 1705 1157 ,
1748 1074 2138 1163 Aeschylum
2171 1074 2366 1163 plane

245 1178 712 1260 comicorum,
757 1192 828 1245 ut
865 1183 1022 1264 jam
1039 1178 1506 1245 Alexandrinis
1546 1176 1787 1289 placuit
1825 1179 2185 1243 verissime.
2269 1178 2366 1243 Hi
2463 1219 2468 1224 -

248 1286 442 1370 quod
465 1286 890 1370 scripserunt,
925 1280 1264 1361 Cratinum
1295 1279 1677 1368 argumenta
1711 1281 1964 1366 quidem
1999 1277 2365 1348 fabularum

237 1384 475 1454 'facile
525 1387 886 1466 invenisse,
947 1386 1066 1451 sed
1123 1385 1402 1450 eundem
1456 1385 1737 1468 impetu
1755 1381 2091 1467 abreptum
2163 1366 2365 1450 multa

127 1553 143 1569 ,
252 1489 563 1574 deinceps
607 1486 938 1566 turbasse,
995 1501 1068 1552 ut
1110 1500 1404 1551 extrema
1445 1490 1590 1550 cum
1633 1485 1857 1571 primis
1896 1485 2386 1578 propemodum,

175 1642 185 1658 .
252 1590 514 1670 diceres
555 1581 878 1676 pugnare,
919 1590 988 1653 id
1034 1593 1230 1653 etiam
1273 1590 1343 1651 in
1388 1586 1661 1672 Pytinen
1704 1586 1974 1665 cadere,
2021 1589 2133 1672 qui
2170 1607 2367 1672 expe-

122 1699 136 1712 ⁸
251 1693 377 1757 riri
447 1687 804 1771 voluerint,
876 1691 1408 1756 animadvertent.
1526 1686 1715 1765 Quae
1778 1708 1977 1774 quum
2051 1690 2146 1754 ita
2209 1692 2365 1769 sint,

255 1791 683 1860 dubitandum
739 1815 870 1858 non
928 1806 1103 1871 est,
1084 1794 1276 1877 quin
1335 1785 1799 1876 Aristophanis
1842 1785 2069 1853 Nubes
2095 1792 2368 1888 priores

257 1892 363 1980 (ut
394 1898 529 1977 ja'm
573 1916 718 1959 cum
759 1901 951 1979 poeta
978 1902 1237 1980 potitam
1279 1891 1724 1978 conferamus)
1765 1886 1961 1974 longe
2003 1873 2366 1975 majoribus

257 1994 602 2060 virtutibus
644 1993 1092 2074 excelluerint,
1139 1980 1327 2079 quar'u
1368 1994 1600 2078 Pytine
1645 1992 1912 2056 Cratini.

311 2127 319 2146 =
433 2094 860 2174 Commodum
924 2098 1310 2182 scripseram
1370 2095 1542 2174 hanc
1597 2094 2112 2160 dissertationem
2168 2114 2369 2179 quum

200 2211 205 2220 '
259 2221 534 2265 censura
578 2200 852 2285 quadam
895 2200 1229 2284 perinepta
1267 2196 1387 2262 illa
1428 2198 1686 2284 quidem
1715 2198 2026 2260 invitarer
2068 2195 2152 2258 ad
2191 2192 2369 2259 evol·

259 2304 533 2368 vendam
575 2302 834 2361 Rankcz·
883 2296 987 2359 De
1032 2294 1334 2361 Nubibus
1408 2298 1904 2382 disputationem
1956 2319 2020 2382 Ρ.
2079 2314 2254 2360 ccxx
2278 2327 2388 2344 --·

222 2423 225 2424 ⁷
259 2419 488 2476 cnm,
534 2398 705 2462 haud
765 2397 962 2463 dubie
1014 2401 1173 2464 satis
1214 2398 1592 2465 verbosam.
1653 2400 1724 2463 in
1767 2419 1893 2485 qua
1934 2411 2151 2464 tamen
2190 2398 2366 2485 quod
2403 2401 2406 2404 ’
2498 2393 2502 2397 ’

260 2520 492 2584 operae
535 2502 808 2583 pretium
840 2513 1013 2564 esset
1040 2512 1570 2581 commemorare,
1616 2482 1719 2567 his
1762 2504 1925 2567 meis
1963 2498 2169 2565 oculis
2201 2498 2367 2564 nihil
2456 2578 2463 2593 ἦ

260 2601 480 2664 videre
539 2604 754 2685 potui,
808 2613 1066 2686 praeter
1107 2600 1291 2667 locos
1335 2600 1581 2689 aliquot
1618 2602 1866 2688 vulgo,
1920 2604 1989 2667 id
2035 2603 2205 2687 quod
2248 2604 2367 2668 vix

262 2702 523 2780 credas,
599 2700 983 2795 neglectos.
1049 2702 1192 2767 Hos
1262 2702 1475 2767 attulit
1542 2705 1800 2788 quidem
1838 2706 2179 2782 Ram-ius,
2244 2705 2363 2770 sed

188 2879 202 2886 -
263 2802 429 2878 haud
474 2825 789 2890 quaquam
834 2803 1177 2869 intellexit.
1261 2803 1370 2879 ,Τιι
1415 2804 1543 2881 fac,
1588 2807 1646 2868 si
1674 2808 1947 2883 acutius,
1994 2827 2186 2892 quam
2213 2828 2361 2892 ego,
2407 2851 2410 2855 «
2529 2880 2532 2887 ,

264 2908 505 2983 cernis,
552 2908 755 2971 aciem
804 2906 1132 2972 intendas:
1179 2905 1476 2993 gaudebo
1521 2908 1696 2969 enim
1739 2908 1797 2970 si
1844 2905 2084 2992 aliquid
2131 2906 2364 2972 saltem

224 3080 227 3089 p
263 3010 410 3073 inde
449 3008 825 3087 extricabis,
873 3011 1044 3095 quod
1071 3007 1255 3074 illum
1283 3008 1529 3074 habere
1561 3030 1752 3072 usum
1779 3018 1973 3094 posse
2001 3010 2332 3101 videatur.

306 3168 311 3175 ·
427 3140 809 3208 Scribebam
839 3141 1196 3226 Rostochii,
1236 3158 1516 3211 exeunte
1545 3167 1717 3210 anno
1744 3129 2183 3211 mcccxxxu.
2240 3155 2243 3157 ’

1038 3466 1570 3489 -···-----.«-
