2759 4850
315 443 459 510 100
520 478 526 487 ’
764 452 866 508 DE
917 447 1259 508 SOCRATE
1312 404 1897 510 VETER.ch16.

311 622 420 708 qui
447 642 639 708 quum
680 639 796 706 pro
835 616 1239 689 excellente
1219 583 1470 712 ingenii
1504 586 1945 709 magnitudine
1986 639 2139 683 suas
2183 620 2409 706 cuique

312 736 527 808 partes
584 723 747 785 mira
804 723 1092 787 veritatis
1150 724 1506 786 imitatione
1562 700 1911 787 attrissuere
1969 718 2214 800 soleat,
2273 734 2411 785 tum

315 825 510 887 etiam
541 834 801 909 propter
833 826 1075 909 patriae
1109 845 1417 903 amorem,
1459 824 1776 906 justitiam
1819 820 2103 907 aliasque
2138 825 2411 886 virtutes

121 910 124 923 ’
210 976 219 997 .,
314 924 397 988 de
442 923 693 990 civibus
740 927 912 1015 suiS,
960 922 1165 989 doctis
1210 926 1620 1009 praesertim,
1671 921 1829 988 alibi
1871 926 2204 988 verissime
2239 926 2411 1010 judi·

314 1028 575 1090 caverit.
658 1023 1099 1103 Quamobrem
1142 1025 1266 1105 hac
1313 1026 1566 1093 dicendi
1612 1027 2082 1111 opportunitate
2116 1028 2211 1090 sic
2246 1038 2408 1104 utar,

301 1117 682 1206 *Auditores,
728 1139 796 1192 ut
823 1122 1098 1215 primum
1130 1118 1645 1197 doctissimorum
1677 1126 2011 1191 hominum
2038 1130 2408 1206 sententias,
2515 1164 2537 1193 s

313 1251 460 1294 meo
510 1230 783 1314 quodam
824 1233 1210 1315 interposito
1237 1231 1510 1315 judicio,
1553 1227 1841 1322 singulas
1878 1242 1989 1293 aut
2016 1243 2187 1293 certe
2226 1250 2412 1315 prae-

313 1330 534 1421 cipuas
572 1352 966 1411 enumerem,
1017 1333 1249 1396 deinde
1294 1348 1476 1410 vero,
1526 1328 1827 1416 quidnam
1872 1352 1998 1417 ego
2039 1333 2118 1394 de
2137 1328 2271 1394 hac
2313 1348 2409 1409 re,

316 1456 444 1498 non
490 1433 747 1501 solum
738 1431 1169 1537 difficillima,
1231 1454 1454 1498 verum
1499 1434 1693 1496 etiam
1741 1435 2126 1519 gravissima
2162 1432 2413 1516 jamdiu

310 1534 450 1620 ipse
495 1538 802 1616 sentiam,
852 1533 1072 1623 paullo
1117 1520 1478 1601 accuratius
1517 1514 1860 1598 declarem.
1947 1532 2416 1619 Antiquissima

313 1639 720 1722 maximeque
778 1635 1151 1727 pervulgata
1208 1639 1426 1721 opinio
1472 1649 1571 1699 est
1630 1652 1853 1700 eorum
1875 1680 1895 1715 ‚
1943 1637 2061 1721 qui
2094 1637 2411 1720 originem

312 1740 680 1829 comoediae
717 1738 969 1812 Socrati
1004 1739 1289 1801 infestae
1331 1738 1415 1803 ab
1456 1738 1628 1801 insta
1666 1736 2118 1823 Aristophanis
2162 1734 2411 1800 malitia
2457 1760 2464 1785 ι·

318 1842 539 1904 nescio
592 1860 715 1925 qua
744 1841 1154 1949 repetendam
1198 1858 1341 1903 esse
1380 1853 1673 1904 censent:
1719 1852 2133 1912 veruntamen
2149 1858 2245 1902 ea
2269 1848 2412 1923 post

325 1935 778 2006 Wielandium
824 1928 1119 2019 nullum,
1189 1926 1378 2027 quem
1425 1943 1681 2027 quidem
1728 1961 1962 2025 operae
2004 1943 2288 2025 pretium.
2323 1941 2412 2003 sit

313 2064 852 2122 commemorare,
922 2044 1170 2106 invenit
1227 2056 1584 2126 patronum.
1670 2042 1758 2106 Et
1817 2055 2024 2107 recte:
2088 2064 2179 2107 ne
2238 2042 2409 2104 enim

313 2145 560 2223 dicam,
614 2145 922 2249 optimum
976 2144 1188 2206 virum
1245 2140 1448 2231 fuisse
1479 2140 2030 2253 Aristophanem,
2103 2145 2206 2206 id
2242 2141 2413 2228 quod

266 2268 574 2335 -omneS,
635 2248 755 2330 qui
805 2267 961 2321 eum,
996 2241 1197 2333 probe
1253 2245 1583 2333 noverint,
1641 2232 2048 2333 fatebuntur,
2105 2240 2409 2308 Comicus
2457 2240 2462 2245 ’

200 2360 205 2367 “
314 2368 518 2436 neque
565 2345 895 2413 Socratem
924 2358 1270 2434 tantopere
1313 2347 1590 2441 oderat,
1608 2354 2023 2437 quantopere,
2056 2359 2126 2408 ut
2152 2346 2408 2450 insigne

311 2446 725 2536 exemplum
733 2448 1059 2516 afferam
1040 2469 1193 2512 ιιοιι
1240 2451 1385 2526 odii
1431 2431 1686 2540 solupr,
1735 2452 1860 2516 sed
1901 2452 2097 2530 etiam
2138 2439 2404 2538 poenae,

318 2549 653 2627 Cleonem,
702 2572 906 2639 neque
951 2563 1064 2616 aut
1105 2550 1187 2614 ab
1230 2539 1482 2644 Anyto
1496 2549 1600 2614 vel
1632 2551 1912 2642 Meleto
1933 2552 2250 2634 corrumpi
2296 2568 2410 2632 po·
2477 2605 2483 2616 .

319 2655 479 2731 tuit,
536 2665 680 2731 aut,
739 2666 811 2716 ut
867 2665 1007 2732 erat
1058 2649 1396 2744 liberrimi
1431 2653 1627 2746 homo
1678 2656 1962 2742 judicii,
2010 2676 2076 2718 a
2069 2670 2410 2742 qupquam

312 2756 640 2826 concitari.
699 2755 847 2827 [sti
889 2756 1084 2846 igitur
1129 2755 1294 2822 nihil
1328 2760 1592 2848 omnino
1613 2756 2188 2848 diQsefflntandi
2221 2764 2434 2828 sunt3

308 2853 395 2946 Ε.
444 2857 534 2922 Α.
596 2857 879 2937 Woffius
908 2870 1162 2948 autem,
1210 2864 1319 2947 qui
1360 2862 1428 2922 in
1474 2835 1621 2924 hoc
1641 2873 2017 2944 argumento
2057 2859 2219 2921 satis
2265 2852 2410 2917 dili·

312 2974 540 3045 genter
600 2961 929 3050 versatus
947 2963 1078 3037 e'st,
1121 2973 1445 3044 quantum
1507 2980 1629 3044 ego
1693 2961 2063 3042 existimare
2097 2974 2426 3044 η,[ιοεειιιιι,

308 3082 469 3164 non.
483 3041 773 3126 multum.
843 3033 973 3135 Q'ui
1007 3078 1201 3144 quum
1232 3059 1588 3146 statuissng
1615 3057 1955 3144 Speratem
1986 3078 2064 3146 eo
2096 3070 2406 3165 tempore,

307 3184 433 3252 quo
465 3162 692 3228 Nubes
734 3163 885 3228 data
924 3171 1043 3235 est,
1088 3143 1498 3244 philosophia
1541 3133 1844 3224 nondum
1835 3160 2082 3280 etiqm
2093 3137 2188 3247 de
2222 3155 2448 3222 coelo-

310 3266 652 3346 devocata,
712 3261 904 3323 certis
945 3256 1552 3349 philosophorum
1586 3229 1956 3347 disciplinis
1996 3262 2404 3349 maximeque

303 3364 593 3449 physicis
643 3360 848 3425 literis
912 3373 1087 3425 tanto
1143 3366 1355 3427 studio
1417 3365 1719 3452 deditum
1745 3365 1999 3447 fuisse,
2044 3377 2122 3452 ῃ,
2182 3363 2432 3427 inania
2489 3424 2494 3432 ,

301 3463 506 3554 multa
546 3476 962 3542 scrutaretur,
1008 3441 1478 3553 excitassctque
1491 3435 1683 3553 alios
1716 3457 1800 3554 a'd.
1833 3466 2134 3551 hujusce
2141 3468 2239 3531 rei
2272 3477 2432 3555 tam

302 3563 653 3670 singularis
682 3565 961 3654 amplius
994 3569 1396 3655 quaerendae
1430 3569 1868 3655 cupiditatem.
1902 3591 2057 3634 mox
2067 3570 2399 3655 apparuit,

242 3710 247 3715 -
300 3657 751 3754 philosophiae
806 3683 1137 3756 parentem
1168 3685 1544 3756 temporum
1599 3674 1757 3738 vitio
1815 3669 2105 3758 paullum
2145 3670 2402 3757 quidem

305 3769 548 3855 aliquid
607 3774 676 3837 in
735 3772 861 3838 hoc
915 3775 1154 3859 genere
1214 3770 1368 3856 olim
1419 3793 1758 3860 peccasse,
1812 3789 1878 3840 at
1931 3773 2125 3860 longe
2184 3774 2401 3837 minus

300 3885 554 3952 tamen,
617 3896 810 3961 quam
850 3897 889 3938 a
928 3873 1175 3952 Wolfio
1229 3876 1408 3944 illius
1464 3889 1723 3939 auctore
1767 3871 2122 3940 sententiae
2146 3869 2400 3939 'omnes

294 3976 719 4061 requirerent.
809 3976 940 4041 Sed
984 3976 1178 4041 fuerit
1214 3998 1371 4042 sane
1409 3989 1543 4040 tum
1584 3977 1839 4064 quidem
1867 3973 2165 4042 Socrates
2193 3971 2402 4063 nuga-

296 4099 441 4172 rum
487 4075 595 4140 vel
633 4080 1060 4142 maximarum
1103 4081 1394 4162 perditus
1453 4089 1736 4157 amator,
1787 4099 1950 4142 num
2010 4081 2182 4144 idem
2241 4075 2395 4145 deos

270 4177 506 4246 etiam
527 4177 632 4243 vel
675 4202 820 4245 esse
851 4182 1132 4267 negavit,
1180 4177 1285 4252 vel
1318 4173 1579 4246 sustulit
1608 4182 1880 4267 patrios,
1928 4203 2081 4245 num
2122 4179 2393 4266 denique

285 4282 561 4364 juvenes
605 4282 925 4368 corrupit?
984 4280 1136 4348 Non
1182 4284 1425 4366 diceret
1464 4285 1606 4356 ista
1617 4282 1918 4361 Wolfim
1960 4298 2176 4354 certe.
2218 4282 2393 4424 atqui
2470 4307 2476 4315 ·

1748 4395 1781 4430 O

2600 4199 2636 4222 §-
