2759 4850
392 473 538 543 114
800 453 805 460 ’
852 486 955 541 ne
1009 474 1353 546 soan'rs'
1382 487 1682 552 ,veram
1735 481 1988 582 come.

390 661 454 720 ei
474 653 675 735 forte
719 673 849 719 nen
904 660 1114 720 minu}
1145 657 1455 743 placeat,
1511 648 1708 741 'quam
1751 651 1955 716 'soror
1998 653 2174 735 ejus,
2224 647 2487 720 Daem-

395 760 626 821 lemes.
677 755 1237 823 Considerate
1280 766 1551 821 autem
1593 756 1838 833 hane,
1886 756 2100 839 qualis
2131 758 2240 817 sit.
2300 751 2487 828 Quae
2531 761 2532 766 ’

390 865 668 943 primum
717 858 970 942 pudiea
1030 869 1097 923 et
1151 843 1446 923 modesta
1487 868 1588 924 est
1632 854 1992 944 (σώφρων),
2053 854 2313 920 sibimet
2354 861 2494 940 ipsi

396 955 815 1045 versiBusque
859 961 1164 1039 confidit.
1238 960 1508 1026 Deinde
1550 982 1721 1026 nova
1766 970 1866 1024 est
1905 959 2177 1050 eadem:
2236 972 2491 1020 caetera

392 1064 532 1144 jam
576 1057 812 1126 aliena.
903 1062 1036 1127 Sed
1068 1064 1347 1127 nondum
1383 1063 1466 1127 ab
1498 1061 1613 1126 illa
1641 1062 1938 1147 parabasi
1963 1053 2305 1126 discedere
2346 1081 2494 1143 pos-

397 1186 563 1229 sum.
632 1162 826 1241 Quod
865 1167 1039 1228 euim
1081 1168 1193 1244 ait,
1234 1162 1460 1229 Nubes
1490 1164 1521 1228 I
1549 1168 1883 1244 meruisse,
1917 1178 1986 1227 ut
2010 1172 2239 1249 poetae
2271 1177 2492 1225 earum

311 1260 317 1268 ’
401 1268 679 1351 primum
738 1266 1127 1331 tribueretur
1167 1270 1563 1353 praemium,
1620 1269 1700 1334 id-
1735 1266 2060 1348 hominem
2116 1287 2245 1329 non
2302 1260 2492 1327 stulte

396 1388 635 1434 vanum
691 1370 1040 1456 credidisse
1084 1371 1331 1453 ipsum,
1391 1391 1520 1433 non
1565 1385 1807 1435 temere
1843 1371 2165 1453 jactasse,
2224 1389 2313 1430 ex·
2364 1363 2491 1428 alio

398 1468 546 1533 loeo
607 1468 989 1555 intelligitur
1040 1469 1274 1555 (Vesp.
1325 1472 1557 1554 1046),
1609 1470 1722 1535 ubi
1766 1465 1985 1535 sancte
2030 1471 2283 1552 adjurat
2327 1464 2495 1531 Bac-

401 1568 718 1657 chumque
758 1569 1156 1649 testificatur,
1189 1570 1359 1642 nihil
1379 1570 1814 1636 Athenienses
1841 1568 1959 1634 illa
1987 1573 2130 1655 ipsa
2162 1570 2518 1633 comoedia

404 1696 683 1760 unquam
728 1673 967 1737 vidisse
1014 1674 1478 1757 praestantiae..
1553 1671 1643 1736 Et
1682 1674 2018 1748 credimuS,
2067 1668 2292 1735 Nubes
2342 1669 2373 1733 I
2412 1668 2494 1734 ab

402 1777 669 1853 eodem,
735 1776 844 1862 qui
893 1772 1060 1838 hano
1118 1772 1403 1838 fabulam
1450 1761 1755 1860 optimam
1802 1776 2076 1838 dixisset
2126 1793 2258 1836 non
2307 1772 2498 1838 modo

402 1899 691 1956 suarum,
736 1878 853 1942 sed
881 1879 1144 1940 omniuo
1181 1879 1491 1956 omnium,
1527 1888 1831 1963 quotquot
1860 1877 1937 1939 ad
1969 1897 2111 1938 eam
2141 1876 2312 1938 diem
2343 1873 2499 1936 scri·

403 1994 553 2066 ptae
599 1993 838 2074 esseut,
881 1992 1109 2064 postea
1152 2001 1297 2043 esse
1342 1982 1751 2057 emendataS,
1796 1994 1985 2065 atque
2032 1979 2232 2055 adeo,
2282 1994 2500 2060 quem·

388 2081 748 2148 admodum
791 2084 906 2147 uui
965 2081 1045 2144 de
1103 2069 1467 2146 scholiastis
1512 2083 1800 2160 videtur,
1846 2077 2244 2166 permultis
2225 2102 2294 2142 m
2338 2073 2503 2140 loeis

406 2181 597 2247 valde
628 2182 969 2248 mutatas²
982 2182 1087 2248 Ab
1116 2183 1238 2247 hae
1270 2196 1452 2246 tanta
1477 2184 1929 2256 inconstantia,
1961 2202 2123 2263 quae
2154 2179 2504 2239 maximam

406 2284 740 2350 hominum
785 2285 1207 2348 offensionem
1252 2283 1539 2365 eflugere
1583 2305 1711 2344 non
1754 2282 2090 2366 potuisset,
2121 2276 2506 2363 Aristopha-

409 2407 526 2452 nes
568 2380 958 2448 abhorrebat
1000 2380 1366 2469 plurimum.
1427 2379 1665 2446 Nonne
1712 2385 1885 2447 enim
1927 2381 2023 2447 sio
2067 2384 2205 2467 ipse
2241 2385 2501 2467 'quoque

411 2494 483 2552 re
529 2501 594 2550 et
635 2485 805 2549 facto
838 2472 1194 2570 probasset,
1229 2483 1453 2549 Nubes
1482 2484 1512 2548 I
1538 2500 1667 2550 tam
1698 2487 1962 2549 vitiosas
1987 2489 2135 2569 jure
2169 2506 2243 2547 ae
2270 2486 2501 2547 merito

411 2588 494 2654 ab
545 2586 873 2673 judicibus
929 2588 1207 2669 rejectas,
1263 2587 1448 2651 esse'i
1547 2586 1801 2652 Deinde
1862 2585 2087 2652 Nubes
2116 2586 2163 2650 .1
2217 2582 2505 2649 fabulam

410 2692 614 2756 fuisse
634 2686 960 2775 ,scriptam
993 2688 1387 2767 doctissime,
1433 2703 1499 2765 et
1531 2687 1646 2754 illa
1671 2690 2003 2776 parabasis
2036 2704 2101 2754 et
2134 2688 2291 2753 alter
2320 2686 2503 2752 locus

413 2791 778 2877 vesparum
807 2791 1052 2855 iudicio
1098 2805 1270 2869 sunt,
1318 2791 1431 2856 ubi
1474 2791 1688 2856 hanc
1669 2815 1874 2880 lpsam
1905 2816 2039 2858 rem
2069 2793 2177 2857 diu
2207 2789 2506 2855 multum-

413 2917 538 2983 que
580 2892 895 2961 celebrari
939 2886 1228 2959 videmus
1269 2886 1356 2977 4)'.
1402 2892 1598 2967 Plane
1631 2894 1745 2959 illa
1775 2897 2026 2981 quidem
2054 2893 2274 2957 fabula
2301 2874 2507 2959 literis

414 2982 841 3076 redundabat,
884 2997 1013 3060 lion
1060 2998 1154 3059 eis
1197 2997 1397 3059 tincta
1439 3009 1599 3076 erat,
1647 2997 1754 3060 vel
1795 3000 1989 3059 etiam
2032 2994 2294 3059 imbuta.
2358 2994 2530 3059 Jam'

417 3112 746 3185 comparet
802 3097 963 3162 mihi
1017 3095 1247 3182 aliquis
1304 3099 1626 3162 secundas
1682 3096 1938 3163 Nubes.
2013 3119 2168 3161 mox
2209 3097 2507 3161 animad-

415 3214 658 3277 vertet,
715 3201 1069 3285 orationem
1113 3199 1273 3262 adeo
1328 3221 1458 3264 nou
1500 3200 1858 3265 abstrusam
1903 3218 2083 3279 esse,
2130 3206 2385 3287 tamque
2420 3202 2507 3264 ad

415 3300 796 3389 popularem
867 3314 1121 3385 captum
1195 3301 1672 3365 accommodate
1733 3301 1972 3386 ubique
2031 3304 2373 3387 disputari,
2435 3315 2509 3366 ut

417 3403 895 3481 Athenienses,
953 3403 1019 3466 id
1063 3416 1161 3465 est
1214 3402 1496 3489 populus
1537 3402 1730 3468 faeile
1773 3406 2178 3470 doctissimus
2221 3421 2286 3470 et
2331 3407 2511 3471 omni

338 3544 344 3559 ·
421 3508 820 3573 humanitate
864 3502 1251 3591 perpolituS,
1299 3527 1428 3573 nou
1486 3509 1810 3593 potuerint
1851 3506 2049 3573 verba
2095 3517 2321 3593 poetae
2364 3529 2510 3573 sen·-
2578 3580 2582 3585 ,

489 3751 549 3817 4)
586 3754 1015 3823 Verba‘quoque
1056 3751 1386 3819 describam,
1422 3751 1596 3820 primo
1636 3753 1705 3805 de
1740 3743 2012 3815 Nubibus,
2056 3758 2149 3806 καὶ
2188 3749 2511 3821 νομιζοίμην

593 3836 839 3907 σοφός-
862 3835 1073 3892 θεατάς
1107 3833 1329 3905 δεξιούς,
1365 3842 1458 3890 καὶ
1496 3832 1706 3906 ταύτην
1741 3832 2021 3906 σοφώτατ’
2057 3837 2198 3903 ἔχειν
2219 3833 2332 3889 τῶν
2361 3836 2536 3906 {aava

482 3942 487 3951 ⁸
595 3917 913 3990 κωμῳδιῶν,
935 3919 1053 3991 -ἦ
1087 3925 1328 3990 παρέσχε
1361 3943 1457 3986 μοι
1491 3921 1651 3993 ἔργον
1681 3921 1936 3976 πλεῖστον
1964 3918 2211 3975 -ταῦτ’
2243 3915 2342 3976 οἶν
2380 3919 2512 3992 :fir

558 4030 563 4035 ·
599 4008 892 4076 μέμφομαι
926 4008 1043 4061 τοῖς
1076 4010 1295 4075 σοφοῖς,
1337 4001 1416 4060 ὧν
1448 4001 1629 4060 οὕνεκ’
1666 4005 1773 4076 ἐγώ
1809 4003 1974 4063 ταῦτ’
2008 4005 2512 4077 ἐπραγματευόμην

589 4090 804 4147 -τοῦς
837 4088 1092 4160 degenda,
1127 4102 1237 4146 tum
1282 4096 1351 4148 de
1385 4093 1583 4161 vespis
1618 4090 1969 4147 καινοτάταις
2001 4088 2298 4159 σπείραντ’
2336 4091 2514 4149 αὐτόν

508 4181 517 4188 “
593 4173 894 4245 διανοίαις,
936 4172 1004 4231 ὃς
1047 4175 1150 4231 nimi
1202 4177 1302 4233 τοῦ
1333 4172 1415 4247 μὴ
1469 4176 1678 4248 γνῶναι
1712 4174 1982 4246 καθαρῶς
2015 4174 2248 4246 -1'00'
2284 4175 2512 4245 αἰσχρόν

587 4260 706 4314 τοῖς
735 4257 813 4329 μὴ
851 4257 1067 4330 γνοῦσιν
1098 4262 1543 4357 παραχρῆμαρἴ
1562 4257 1925 4334 οὗδένχείρων
1956 4260 2116 4333 παρὰ
2153 4263 2298 4319 τοῖσι
2322 4263 2512 4335 σοφοῖς

582 4365 930 4413 νενομισται.

1489 4467 1498 4503 l
