2759 4850
338 467 345 474 ·
438 367 580 438 198
933 382 1035 437 nn
1086 377 1430 442 socnam
1484 381 1762 439 vs'rsn.
1816 378 2073 438 come.

436 546 736 616 videntur
802 546 1188 635 explicanda
1252 570 1424 616 esse.
1507 548 1847 616 Postremo
1899 550 1960 615 si
2013 568 2162 616 cum
2215 548 2356 614 hac
2421 562 2607 620 tam

446 664 782 718 constante
823 651 997 718 fama
1048 651 1245 720 aliam
1283 652 1639 737 quandam,
1683 650 2078 737 persimilem
2113 647 2350 731 illam,
2407 675 2607 719 con-

439 754 779 839 junxeris,
825 775 989 841 quae
1044 755 1218 841 apud
1274 753 1544 819 Suidam
1585 767 1836 819 exstat:
1885 751 2406 828 Ezua'zccs-a
2436 757 2603 820 aeui

445 853 801 925 ἀπέθανε
859 855 1312 941 ναυαγήσας
1367 853 1565 922 κατὰ
1628 853 1767 922 τὸν
1809 851 2425 939 Ἑλλήσποντον
2493 856 2604 921 ἐν

447 963 556 1045 τῷ
595 954 794 1043 πρὸς
850 959 1569 1040 Λακεδαιμονίους
1621 955 1977 1045 uni-lucy·
2028 958 2165 1022 ’καὶ
2218 955 2303 1022 ἐκ
2362 956 2601 1023 τού·-

448 1082 594 1124 του
660 1057 1027 1143 ἐκωλύθη
1099 1054 1693 1146 στρατεύεσθαι
1760 1056 2160 1141 aemuia,
2239 1059 2595 1145 quidnam

447 1161 591 1226 veri
633 1158 840 1226 subsit
869 1163 1118 1248 utrique
1151 1163 1524 1254 memoriae,
1562 1160 1867 1226 continuo
1899 1157 2241 1247 intelliges.
2283 1160 2591 1228 Etenim

449 1259 614 1326 haec
641 1262 880 1330 Suidae
906 1265 1193 1335 narratio
1230 1264 1507 1350 primum
1536 1275 1666 1358 tam
1697 1263 1886 1328 docto
1929 1263 2227 1347 scriptori
2251 1260 2583 1341 debetur,

451 1345 527 1430 ut
568 1362 962 1451 aliquantum
1009 1367 1408 1432 auctoritatis
1446 1349 1597 1450 jure
1640 1363 1912 1444 habeat,
1964 1375 2095 1428 tam
2149 1375 2294 1449 apte
2350 1385 2578 1450 porro

453 1466 851 1551 temporibus
921 1468 1248 1552 congruit,
1318 1479 1391 1530 ut
1460 1468 1604 1550 ejus
1663 1469 1788 1553 ope
1843 1461 2279 1530 controversia
2338 1467 2577 1530 omnis

452 1582 909 1651 componatur,
968 1580 1305 1653 praeterea
1356 1579 1488 1632 tam
1530 1564 1890 1653 probabilis
1945 1577 2046 1632 est
2087 1588 2203 1652 per
2243 1588 2435 1666 sese,
2494 1581 2574 1632 ut

453 1664 622 1753 fingi
664 1667 836 1733 haud
891 1680 1132 1753 temere
1175 1670 1490 1753 potuerit,
1537 1670 1816 1756 denique
1857 1682 1988 1733 tam
2030 1665 2264 1734 leniter
2308 1682 2380 1733 et
2423 1682 2569 1734 tant

456 1772 772 1834 concinne
814 1769 1082 1835 alteram
1128 1768 1307 1835 illam
1349 1770 1589 1836 famam
1634 1772 1937 1858 corrigit,
1983 1784 2074 1836 ut
2092 1783 2361 1855 utraque
2397 1793 2568 1835 con·

459 1873 709 1938 sociata
770 1875 1105 1939 veritatem
1158 1875 1367 1959 ipsam
1422 1893 1614 1940 manu
1673 1869 1863 1960 plane
1914 1886 2266 1938 teneamus.
2352 1871 2568 1937 Periit

456 1973 657 2058 igitur
692 1972 961 2059 Eupolis
1005 1975 1341 2062 naufragio
1387 1977 1456 2041 in
1500 1974 1676 2041 bello
1718 1987 1938 2040 contra
1976 1967 2559 2053 Lacedaemonios,

456 2092 583 2137 nec
612 2074 968 2152 ‚defuerunt
1019 2079 1240 2163 primis
1283 2080 1501 2143 statim
1552 2090 1703 2164 post
1752 2078 1897 2162 ejus
1935 2088 2210 2144 mortem
2251 2079 2563 2161 tempori-

354 2239 361 2243 .
426 2172 620 2255 bus,
665 2180 775 2264 qui
818 2183 1074 2265 poetam
1117 2179 1200 2245 ab
1241 2177 1617 2259 Alcibiade,
1677 2173 1936 2242 bomine
1996 2190 2061 2241 et
2115 2178 2426 2242 iracundo
2489 2190 2559 2242 et

458 2275 731 2362 perfido,
775 2280 844 2343 in
874 2301 1052 2344 mare
1095 2283 1413 2364 dejectum
1457 2299 1599 2344 esse
1639 2274 2068 2364 loquerentur.
2113 2277 2316 2343 Periit
2339 2292 2557 2344 autem

431 2379 719 2443 circiter
763 2376 872 2445 01.
916 2393 1082 2458 xcn,
1121 2388 1228 2460 4.,
1271 2378 1504 2445 Diocle
1546 2378 1853 2445 archonte
1897 2401 2020 2468 quo
2062 2393 2350 2467 tempore
2378 2379 2556 2455 Alci-

462 2474 727 2559 biades,
786 2482 920 2545 dux
972 2501 1114 2546 cum
1172 2477 1603 2567 Thrasybulo
1629 2469 2103 2571 Adimantoque
2155 2492 2413 2549 creatus
2466 2485 2552 2549 ad

466 2578 713 2663 Cymen
755 2584 973 2673 minus
1008 2604 1333 2670 prospere
1354 2571 1692 2670 pugnavit.
1752 2604 1877 2671 quo
1917 2584 2087 2649 facto
2120 2582 2553 2650 Athenienses

464 2672 572 2748 01.
613 2704 821 2765 xcm,
870 2693 904 2753 1
968 2684 1274 2751 archonte
1316 2685 1715 2752 Euctemone
1756 2683 2078 2750 Alcibiadi
2137 2684 2391 2751 absenti
2433 2689 2553 2752 im-

426 2787 710 2872 xperium
736 2786 1150 2874 abrogarunt,
1181 2800 1342 2853 teste
1372 2784 1666 2853 Diodoro
1692 2786 1822 2855 Sic.
1847 2785 2040 2866 XIII,
2068 2790 2175 2851 74.
2220 2786 2551 2885 Eupolidis

460 2907 619 2955 vero
663 2905 868 2956 morte
891 2888 1322 2956 Athenienses
1346 2902 1690 2975 tantopere
1709 2887 2090 2966 doluerunt,
2118 2903 2190 2954 ut
2215 2887 2549 2975 plebiscito
2591 2970 2598 2985 Χ

462 2982 676 3078 Ρόδιίε
707 3013 792 3058 ex
817 2990 934 3056 illo
964 3007 1250 3078 tempore
1280 2995 1680 3055 vacationem
1710 2989 1978 3083 militiae
2005 2993 2248 3057 darent.
2294 2989 2549 3056 Scilicet

462 3114 658 3160 nemo
687 3096 1021 3182 qnisquam
1045 3093 1337 3173 docebit,
1382 3091 1667 3178 Eupolin
1700 3107 1849 3180 post
1872 3090 2103 3185 XCII,
2131 3103 2176 3159 4
2214 3092 2406 3158 ullam
2433 3095 2547 3159 do-

466 3200 678 3263 cuisse
709 3195 1123 3261 Comoediam
1152 3195 1269 3279 29).
1345 3193 1749 3282 Quapropter
1774 3197 1931 3262 satis
1961 3198 2183 3263 mirari
2210 3218 2339 3262 non
2363 3218 2556 3283 queo,

502 3465 599 3536 29)
632 3466 857 3522 Amicus
906 3484 1081 3537 nuper
1128 3472 1198 3523 ad
1246 3487 1336 3524 me
1382 3466 1599 3544 pra‘eter
1657 3470 1764 3525 alia
1819 3468 1978 3525 etiam
2019 3473 2156 3526 haec
2214 3458 2539 3540 perscripsit:

620 3550 914 3624 „Eupolin
948 3563 1157 3626 autem,
1209 3573 1368 3626 quem
1406 3556 1675 3625 dubitant,
1721 3566 1899 3611 utrum
1931 3567 2177 3612 mortuus
2228 3558 2297 3611 sit
2335 3559 2540 3627 Olymp-

635 3644 728 3711 92,
743 3647 818 3711 2.,
835 3658 906 3695 an
936 3642 1025 3709 93,
1040 3640 1114 3710 4.,
1147 3658 1252 3716 ego
1287 3645 1555 3697 contendo
1587 3650 1859 3701 mortuum
1893 3661 2015 3699 esse
2050 3645 2139 3699 01.
2159 3645 2247 3708 93,
2262 3642 2300 3698 4
2335 3652 2539 3713 propter

640 3730 837 3801 fragm.
879 3730 1021 3796 apud
1060 3729 1243 3783 Schol.
1264 3729 1504 3798 Euripid.
1524 3716 1756 3784 Med'eae
1784 3730 1904 3795 508,
1941 3726 2081 3800 quae
2121 3745 2235 3783 non
2263 3737 2538 3798 potuerunt

643 3814 810 3869 scribi
847 3823 972 3869 ante
1006 3813 1209 3870 Calliae
1245 3833 1444 3869 annum
1478 3815 1723 3884 (Olymp.
1755 3820 1843 3884 93,
1875 3816 1999 3885 3).“
2065 3814 2281 3871 Utinam
2308 3813 2537 3885 ingenio-

641 3917 736 3953 sus
768 3900 983 3969 juvenis
1030 3901 1176 3955 istud
1214 3901 1459 3973 aenigma
1497 3901 1705 3956 Scholii
1737 3904 1969 3972 primum
2008 3903 2246 3956 omnium
2284 3900 2534 3957 solvisset.

636 3985 799 4043 Certe
832 3987 1054 4056 Eupolis
1087 3990 1238 4043 nullo
1272 3988 1436 4041 modo
1471 3989 1738 4057 spectavit
1771 3992 1838 4043 ad
1874 3998 2057 4043 notam
2089 3989 2237 4041 illam
2269 3988 2349 4042 rei
2374 3986 2535 4041 sceni-

643 4089 741 4126 cae
776 4073 1155 4141 mutationem,
1195 4075 1264 4126 de
1300 4090 1408 4142 qua
1442 4074 1657 4129 disserit
1700 4075 1885 4129 Schol.
1941 4076 2011 4129 ad
2043 4076 2188 4128 Rau>
2209 4071 2316 4131 404
2338 4100 2402 4115 -·
2434 4067 2532 4140 ἤδη
2621 4106 2626 4112 ·

639 4153 805 4212 aar&
840 4154 1151 4229 ἔιορηγεῖτο
1184 4156 1300 4212 τοῖς
1327 4159 1603 4227 ποιηταῖς.
1638 4156 1734 4214 ἐπὶ
1780 4150 1915 4231 γοῦν
1945 4155 2047 4221 tob·
2078 4152 2530 4213 Kaulov‘sotssroo

626 4247 793 4313 φησὶν
823 4238 1220 4329 Ἄρητοτόλησ,
1262 4240 1352 4301 ὅτι
1402 4239 1591 4301 σῦνδυο
1639 4241 1800 4310 ἔδοξε·
1829 4242 2121 4316 χορηγεῖν,
2166 4239 2240 4300 τὰ
2292 4235 2536 4347 φονίαισι
