2759 4850
862 235 868 242 -
998 213 1013 246 Ι

910 255 921 262 .

427 432 572 499 212
869 440 975 495 DE
1027 437 1370 497 SOGRATE
1426 439 1700 498 VETER.
1749 435 2003 496 como.

426 611 527 677 καὶ
569 603 1022 692 ἓπορχονμενος
1058 601 1179 687 ῧης
1218 601 1411 690 ἄττης
1440 602 1710 706 ἅζτης“
1671 629 1825 688 vm„
1868 604 1983 669 ubi
2026 601 2305 668 verbum
2341 602 2593 689 ἐπορ-

421 711 727 796 χούμενος
752 709 1089 776 cordacem
1122 705 1471 791 Baptarum
1507 729 1674 773 novo
1708 719 2085 792 argumento
2119 704 2581 805 corroborat.

426 814 531 880 De
573 835 724 876 vera
766 821 1074 895 potestate
1123 803 1664 874 exclamationum
1703 807 1866 876 Εὐοΐ
1887 809 2097 889 Σαβοῖ
2130 809 2271 891 jam
2325 805 2577 871 Alex-

426 916 687 982 andi-ini
740 911 1141 998 grammatici
1184 924 1250 972 et
1305 923 1450 994 post
1504 932 1618 975 eos
1674 909 1907 994 vulgus
1953 912 2568 993 grammaticorum

428 1034 815 1102 magnopere
855 1008 1342 1091 dissentiebant,
1386 1034 1650 1098 qnorum
1677 1009 1806 1075 loci
1837 1032 1875 1074 a
1902 1009 2231 1075 Lobeckio
2263 1009 2565 1075 collecti

428 1131 580 1184 sunt
620 1112 741 1178 l.1.
792 1136 851 1198 p.
887 1117 1044 1176 1041
1090 1134 1228 1197 sqq.
1301 1112 1490 1179 Prius
1533 1114 1788 1200 quidem
1846 1111 2006 1176 illud
2065 1111 2202 1177 εὐοῖ
2252 1113 2555 1176 minime
2651 1149 2662 1158 -

426 1214 785 1305 significat,
830 1213 992 1278 bene
1033 1220 1123 1278 eit
1164 1221 1268 1292 ei,
1314 1217 1428 1280 sed
1475 1230 1573 1280 est
1601 1213 1771 1280 l'aeta
1799 1213 2171 1280 acclamatio
2201 1209 2556 1278 bacchan-

429 1325 626 1398 tium,
684 1317 876 1381 ducta
935 1314 1017 1380 ab
1070 1314 1289 1395 Εὔϊος,
1352 1331 1508 1381 noto
1549 1316 1795 1382 Bacchi
1848 1320 2256 1403 cognomine.
2349 1314 2553 1379 Scite

426 1418 862 1506 speculatores
921 1437 1144 1481 verum
1202 1417 1559 1484 retulerunt
1614 1439 1712 1505 ap.
1757 1419 2031 1483 Lucian.
2076 1416 2315 1481 Bacch.
2375 1439 2437 1479 c.
2473 1424 2549 1482 2.

430 1524 532 1587 καὶ
576 1524 736 1601 βοᾶν
774 1516 913 1582 aiot
950 1510 1118 1600 (εὗοῖ
1155 1518 1393 1602 Gerl.),
1438 1529 1678 1586 τοῦτο
1740 1519 1804 1584 δ’
1856 1519 2198 1598 εἰκάζειν
2255 1522 2546 1582 καλεῖ-

427 1627 628 1686 σθαι
670 1597 931 1683 ἀὐτῶν
972 1619 1110 1681 τόν
1152 1618 1572 1703 δεσπότην.
1658 1622 2072 1686 Herodianus
2112 1615 2546 1684 commenda·

431 1723 539 1788 bat
579 1723 954 1805 scripturam
999 1717 1166 1784 εὗοῖι
1226 1742 1434 1806 neque
1482 1724 1653 1786 enim
1706 1722 2081 1808 ignorabat,
2131 1722 2299 1807 quod
2347 1721 2534 1782 rect‘e

302 1859 317 1866 -
426 1826 590 1889 vidit
630 1825 824 1888 etiam
869 1821 1271 1900 Lobeckim,
1329 1824 1651 1910 digamma
1689 1821 2025 1888 Aeolicum
2069 1826 2365 1908 primitus
2411 1820 2536 1883 ha-

330 1933 336 1938 ’
430 1926 647 1991 buisse
693 1936 756 1987 et
799 1921 987 2000 Εέιος
1025 1940 1089 1989 et
1131 1924 1306 1989 Εὐοῖ.
1393 1924 1497 1989 De
1545 1926 1667 1990 hoc
1714 1929 2067 2011 posteriore
2113 1928 2324 2005 Σαβοῖ
2357 1925 2524 1987 duas

430 2026 792 2111 accepimus
835 2029 1399 2110 grammaticorum
1440 2030 1817 2104 sententias,
1844 2028 2031 2092 nixas
2057 2026 2307 2110 duplici
2335 2024 2526 2088 verbi

430 2128 626 2208 σαβὸς
683 2124 1192 2210 significatione,
1249 2130 1443 2215 quod.
1471 2143 1542 2194 et
1585 2128 1827 2195 Bacchi
1885 2148 2240 2215 cognomen
2302 2140 2404 2190 est
2460 2140 2523 2189 et

427 2228 635 2293 virum
675 2229 907 2305 etiam,
952 2232 1061 2314 qui
1103 2228 1469 2308 bacchetur,
1514 2232 1826 2316 designat.
1892 2229 2027 2304 Alii
2067 2232 2268 2315 igitur
2315 2226 2519 2312 expli-

360 2356 373 2366 2
427 2328 659 2396 cabant
685 2327 844 2411 Ejez,
879 2328 1134 2392 Bacchi
1160 2331 1464 2408 cultores,
1495 2332 1664 2416 quod
1692 2330 2008 2429 placuisse
2037 2333 2291 2396 videtur
2319 2333 2514 2396 etiam

426 2430 758 2496 librariis
740 2451 806 2491 m
833 2428 1305 2509 Demosthene,
1352 2436 1459 2519 qui
1495 2447 1828 2498 accentum
1857 2448 2264 2500 retraxerunt
2305 2430 2538 2518 (σάβοι

427 2532 556 2596 duo
585 2530 821 2595 Pariss.
853 2535 1038 2621 σαβοι
1064 2529 1415 2598 Bavaricus
1445 2555 1545 2619 ap.
1580 2533 1829 2615 Reisk„
1876 2534 2059 2618 σᾶβοι
2096 2538 2239 2599 Σιιν
2281 2550 2347 2613 et
2373 2559 2451 2619 γρ
2481 2559 2514 2609 ς

426 2656 530 2719 ap.
561 2631 770 2698 Bekk.
778 2629 840 2716 ),
888 2629 1001 2697 alii
1046 2647 1114 2697 ut
1147 2632 1312 2699 Εὐοῖ
1343 2637 1424 2699 ad
1471 2616 1703 2703 Evium
1745 2637 2143 2723 Dionysum,
2185 2639 2282 2701 sic
2313 2638 2534 2715 Σαβοῖ

428 2737 510 2801 ad
540 2733 913 2821 Phrygium,
952 2736 1093 2797 sive
1124 2734 1467 2802 Sabazium
1513 2738 1897 2805 retulerunt·
1943 2764 2087 2805 nam
2121 2738 2335 2821 Σαβὸς
2368 2737 2513 2803 bre-

427 2838 569 2901 vior
626 2836 835 2921 forma
904 2849 1002 2902 est
1067 2837 1267 2927 verbi¹
1294 2840 1637 2923 Σαβάζιος,
1692 2845 1863 2928 quod
1922 2842 2183 2930 Phrygii
2235 2843 2510 2925 Dionysi

425 2960 781 3025 cognomen
838 2939 1038 3004 fuisse
1097 2936 1394 3007 constan
1466 2942 1727 3007 Certum
1772 2944 2018 3024 habeo,
2087 2947 2508 3031 posteriorem

423 3043 742 3105 rationem
783 3042 1127 3111 ineundam
1170 3064 1334 3106 esse.
1423 3042 1636 3120 Quum
1673 3048 1843 3110 enim
1887 3044 2023 3110 εὗοῖ·
2057 3053 2250 3129 σαβοῖ
2285 3045 2501 3113 crebro

425 3144 790 3206 consociata
859 3163 1003 3205 esse
1066 3162 1103 3204 e
1147 3141 1585 3208 Demosthene
1644 3161 1830 3232 atque
1876 3147 2191 3233 Eupolide
2245 3147 2502 3234 liqueat,
2609 3202 2618 3213 .

423 3239 694 3306 alterum
737 3243 818 3309 ad
847 3240 1205 3324 Dionysum
1242 3248 1473 3329 ipsum,
1503 3245 1772 3313 alterum
1819 3251 1899 3313 ad
1929 3249 2206 3316 cultores
2233 3250 2501 3333 Dionysi

423 3340 683 3406 Sabazii
727 3340 979 3405 trahere
1024 3334 1386 3427 ἦίοΙειιωιιι
1408 3363 1535 3413 est:
1582 3360 1802 3414 contra
1841 3353 1970 3415 duo
1997 3352 2499 3438 Dionysi'ipsius

423 3442 808 3529 cognomi‘na
854 3447 1114 3530 egregie
1174 3453 1650 3515 consociantur-1
1678 3450 1815 3517 εὐοῖ
1850 3460 2068 3535 σαβοῖ,
2085 3468 2381 3540 ‘prorsus
2428 3468 2498 3518 ut

419 3546 708 3630 sequitur
757 3542 796 3608 v'
842 3566 872 3620 ς
928 3571 1119 3629 αττης
1174 3563 1239 3612 et
1287 3546 1478 3633 ἄττης
1513 3550 1647 3634 ῧης.
1736 3553 1954 3633 Quare
1994 3553 2132 3620 εὐοῖ
2167 3554 2371 3625 solum
2418 3557 2494 3621 ad

420 3644 734 3711 Graecum
842 3650 1172 3731 ionysum,
1228 3659 1427 3732 σαβοῖ
1462 3653 1542 3715 ad
1589 3654 1938 3741 Phrygium
1981 3661 2319 3749 pertinuit,
2372 3658 2502 3722 εὐοῖ

419 3746 614 3828 σαβοῖ
646 3750 724 3811 ad
770 3764 1126 3835 utrumque,
1175 3755 1266 3816 ita
1313 3769 1385 3817 ut
1431 3757 1633 3837 primo
1663 3755 2045 3841 Dionysus
2025 3781 2095 3823 in
2133 3763 2487 3824 universum

416 3846 907 3927 inclamaretur‚
950 3852 1189 3916 deinde
1236 3854 1573 3941 Phrygius.
1660 3855 1882 3926 Nihilo
1926 3864 2138 3926 secius
2179 3877 2384 3925 tamen
2422 3865 2482 3927 in

416 3946 642 4034 Baptis
668 3949 1010 4035 Eupolidis
1029 3951 1196 4018 Εὐαῒ
1206 3956 1421 4037 Σαβαῖ
1444 3965 1960 4026 constantissime
1987 3976 2191 4028 tueor.
2233 3950 2483 4049 Legitur
2513 3970 2522 3981 “

415 4050 549 4117 εὗαὶ
603 4048 669 4115 in
712 4051 1201 4134 Lysistr.1294
1244 4073 1308 4120 et
1350 4062 1416 4122 in
1457 4058 1588 4123 fine
1632 4062 2259 4131 Ecclesiazusarum:
2332 4067 2480 4150 quod

409 4153 548 4218 fere
592 4152 992 4238 significasse
1046 4156 1328 4224 Vi’cemm
1367 4159 1470 4224 vel
1504 4163 1738 4230 Macte
1776 4168 2062 4231 victor-za
2106 4177 2224 4237 tva
2282 4170 2477 4233 addita

407 4253 606 4319 verba
647 4250 734 4331 ὦς
779 4256 875 4321 ἐπὶ
918 4260 1056 4344 νίκῃ
1097 4257 1443 4385 declarant.

409 4424 419 4458 ⁸
452 4455 461 4465 Ι
