2759 4850
299 463 304 480 ⁸
344 367 492 438 104
552 418 561 422 -
678 338 687 358 ’
795 379 899 436 os
947 376 1291 440 sectum
1341 378 1618 440 vlu-sn.
1670 379 1923 442 come.

333 507 641 639 temporis
695 544 803 612 vel
845 547 1173 627 invenire,
1200 532 1335 614 ‘vel
1366 520 1708 632 inventum
1750 545 2173 635 comprobare
2221 567 2436 635 posse,
2529 571 2536 578 ·

337 651 651 716 videatur.
712 646 1047 723 Contendo
1076 652 1249 716 enim
1287 648 1402 715 ille
1433 672 1557 740 ego
1587 647 1975 716 Comoediae
2005 649 2284 734 vindex,
2305 652 2419 736 qui
2500 660 2521 713 ’,
2627 645 2634 662 ’

284 750 785 840 Aristophanis
801 751 1185 817 defendendi
1214 751 1449 818 multas
1468 741 1746 818 babeam
1776 774 2001 822 causas
2026 772 2412 838 gravesque,

336 851 580 919 nullam
630 851 734 917 vel
779 851 1174 918 levissimam
1220 852 1541 934 Socratis,
1585 856 1905 919 contendo
1950 857 2197 930 tamen,
2252 854 2422 940 qued

338 976 381 1020 a
423 958 678 1036 nemine
707 952 1013 1020 occultari
1052 955 1381 1033 debuerat,
1422 954 1706 1021 Socratis
1737 956 2059 1033 formam
2038 978 2107 1021 1n
2126 953 2422 1023 Nubibus

336 1055 513 1122 haud
567 1055 878 1135 feliciter,
937 1078 1056 1120 nec
1109 1058 1253 1122 sine
1272 1078 1545 1144 magna
1601 1060 1971 1145 iniquitate,
2037 1073 2339 1145 tanquam
2381 1079 2425 1121 a

336 1155 511 1223 malo
570 1156 852 1238 artifice,
910 1156 1185 1224 effictam
1241 1178 1406 1222 esse.
1490 1157 1708 1254 Hujus
1754 1159 2028 1226 consilii
2053 1160 2320 1226 ducibus
2360 1170 2427 1234 et

254 1265 259 1274 '
339 1261 523 1347 quasi
566 1259 896 1346 signiferis
938 1262 1035 1322 uti
1059 1258 1238 1323 mihi
1278 1256 1432 1325 licet
1471 1263 1736 1326 minime
1781 1262 2105 1342 obscuris,
2151 1264 2426 1347 primum

342 1359 502 1440 illis,
548 1361 709 1446 quos
730 1378 930 1446 supra
951 1359 1113 1440 dixi,
1164 1358 1348 1426 Viris
1375 1360 1626 1441 Doctis,
1664 1385 1936 1451 quorum
1966 1365 2137 1448 irriti
2164 1374 2430 1444 conatus
2494 1446 2498 1450 .

328 1455 500 1532 'sunt
541 1482 766 1527 omnes
799 1458 1157 1547 simplicem
1199 1465 1537 1544 veritatem
1577 1468 2014 1550 respuentium
2031 1508 2052 1542 ,
2096 1476 2433 1549 praeterea

343 1564 726 1631 Hermanno
742 1607 766 1647 ,
841 1564 949 1650 qui
1006 1560 1332 1648 praeclare
1392 1566 1707 1629 concessit
1775 1579 1841 1630 et
1910 1585 2064 1652 prae
2129 1586 2203 1630 se
2260 1562 2430 1643 tulit,

344 1665 629 1734 Socratis
669 1665 1019 1751 imaginem
1058 1666 1127 1728 in
1158 1659 1458 1729 Nubibus
1500 1666 1585 1747 ad
1620 1667 1837 1730 vivum
1880 1685 2254 1752 expressam
2298 1686 2431 1732 non

344 1790 527 1849 esse,
599 1779 918 1854 postremo
948 1827 955 1844 ,
985 1777 1247 1831 auctore
1307 1786 1437 1829 uno
1490 1769 1778 1844 omnium
1832 1768 2222 1845 certissimo,
2280 1769 2430 1852 ipso
2490 1795 2498 1812 ι

343 1869 798 1957 Aristophane.
880 1866 1174 1956 Namque
1200 1864 1299 1930 illi
1326 1878 1458 1931 tam
1490 1870 1653 1932 varii
1681 1869 2083 1953 conjectores
2107 1890 2222 1954 pro
2237 1879 2434 1934 verto

345 1985 610 2038 sumunt
643 1972 734 2051 id,
785 1993 910 2056 quo
939 1967 1103 2035 nibil
1133 1961 1447 2052 majorem
1480 1968 1941 2056 dubitationem
1972 1970 2195 2049 habet,
2228 1982 2438 2036 utras-

348 2093 475 2159 que
508 2071 751 2137 Comici
787 2070 1034 2150 Nubes,
1075 2073 1324 2156 priores
1366 2076 1887 2159 posterioresque
1932 2085 2063 2138 tam
2093 2072 2437 2137 vehemen·
2535 2079 2542 2090 '

349 2186 447 2240 ter
481 2176 905 2252 consensisse,
951 2184 1021 2236 ut
1064 2169 1305 2257 aliquid
1336 2170 1489 2235 illae
1521 2175 1801 2259 quidem,
1835 2175 1949 2239 sed
1992 2194 2121 2238 non
2165 2171 2436 2238 multum
2486 2203 2510 2252 ;

349 2279 520 2342 inter
559 2298 631 2341 se
673 2276 1026 2340 differrent.
1113 2271 1190 2333 In
1224 2292 1348 2355 quo
1389 2285 1634 2338 tantum
1672 2293 1903 2351 omnes,
1929 2267 2165 2362 fefellit
2194 2275 2436 2359 opinio,

351 2391 427 2442 ut
471 2398 591 2463 ego
639 2372 867 2439 saltem
884 2417 906 2454 ,
967 2370 1240 2445 alterum
1284 2382 1505 2456 optare
1558 2388 1848 2453 coactus,
1881 2372 2127 2463 eligere
2175 2372 2437 2440 mallem

360 2478 540 2545 Gna.
583 2475 823 2569 Eum·
857 2476 959 2558 2),
1032 2475 1203 2538 docti
1265 2475 1568 2559 juvenis,
1627 2477 2253 2564 interpretationem,
2323 2478 2437 2563 qui

350 2582 617 2667 primus,
653 2580 846 2662 idque
875 2574 1219 2660 plaudente
1250 2597 1410 2640 mox
1447 2575 1520 2644 C.
1539 2578 1890 2666 Reisigt‘o,
1900 2576 2115 2666 plures
2144 2575 2438 2644 Nebulas

354 2703 438 2751 ue
481 2682 810 2767 exstitisse
849 2677 1127 2766 quidem,
1159 2691 1413 2743 nostras
1455 2693 1669 2745 autem
1699 2703 1843 2747 esse
1885 2672 2110 2747 unicas
2151 2678 2322 2769 illas,
2372 2692 2440 2745 et

351 2784 660 2870 pristinas
691 2800 955 2866 nequea
977 2788 1165 2865 poeta
1193 2802 1475 2867 unquam
1505 2796 1902 2863 retractatas,
1919 2783 2235 2857 defendit;
2269 2782 2439 2869 quod

354 2886 569 2971 ipsum
611 2898 825 2947 tamen
853 2884 1115 2948 credere
1145 2896 1245 2947 est
1267 2887 1605 2949 verissima
1629 2888 1994 2949 testimonia
2021 2898 2213 2967 atque
2237 2883 2440 2949 fidem

356 2988 751 3073 antiquitatis
792 2981 1189 3050 conculcare.
1274 2985 1418 3069 Ego
1458 3006 1612 3049 vero
1652 2998 1800 3069 post
1842 2986 2218 3059 diuturnam,
2246 2983 2439 3049 dubi-

336 3088 684 3154 ‘bationem
718 3089 859 3170 jam
903 3087 1139 3150 dudum
1182 3081 1344 3147 mihi
1387 3085 1481 3147 sic
1509 3083 1911 3150 intellexisse
1938 3085 2185 3165 videor,
2215 3082 2442 3173 Nubes

353 3188 504 3255 illas
549 3186 834 3272 duplices
881 3189 1134 3270 penitus
1174 3186 1345 3249 inter
1401 3206 1476 3250 se
1530 3187 1816 3253 diversas
1855 3185 2099 3266 fuisse,
2145 3184 2211 3252 et
2252 3191 2441 3253 nimi-

354 3311 500 3357 rum
543 3287 778 3352 alteras
822 3287 903 3351 ab
948 3286 1187 3377 alteris‘
1211 3308 1415 3374 usque
1443 3309 1521 3352 eo
1564 3286 1984 3374 discrepasse,
2014 3311 2131 3353 eae
2160 3302 2230 3375 ut
2241 3272 2459 3363 subu-⁹

358 3389 487 3469 lae,
517 3411 643 3454 non
674 3390 986 3453 editiones
1012 3389 1714 3475 duae-numerarentur.
1771 3389 2029 3463 Dabitis
2057 3393 2252 3479 igitur
2279 3391 2450 3458 mihi'

360 3490 528 3559 banc
556 3492 837 3569 veniam,
878 3503 950 3555 ut
988 3492 1068 3555 de
1100 3491 1347 3554 duabus
1377 3490 1556 3556 hisce
1586 3494 1936 3559 comoediis
1962 3516 2133 3561 nunc
2165 3494 2448 3577 breviter,

254 3642 305 3675 a
361 3614 716 3681 exponam,
761 3595 1032 3683 primum
1079 3593 1158 3656 de
1203 3596 1563 3682 antiquiore
1607 3615 1683 3658 ac
1723 3616 2014 3662 seorsum
2067 3595 2442 3675 ab,altera;

359 3695 488 3760 hoc
531 3698 702 3761 enim
746 3695 958 3780 modo,
1002 3715 1313 3780 quaenam
1348 3697 1512 3775 ratio
1546 3698 1715 3761 inter
1745 3696 2077 3763 Socratem
2107 3711 2174 3765 et
2197 3700 2444 3767 Aristo-
2563 3700 2566 3705 ’

356 3795 636 3885 phanem
678 3799 1146 3879 intercesserit,
1190 3793 1498 3865 facillime
1533 3801 1767 3884 poterit
1805 3799 2101 3888 intelligi.

290 4092 345 4117 κ,
429 4057 484 4128 2)
533 4056 709 4130 Ipsam
742 4064 913 4114 Erret-1·
952 4059 1380 4117 dissertationem
1417 4076 1534 4116 nou
1566 4060 1677 4133 legi
1712 4062 1987 4132 equidem,
2033 4063 2158 4133 sed,
2191 4072 2446 4134 quantum

226 4218 229 4227 Ι
285 4170 300 4189 s
374 4176 404 4192 ο
529 4162 605 4200 ex
638 4149 922 4200 Hennensi
966 4146 1077 4202 mei
1121 4147 1467 4202 Praefatione
1514 4148 1744 4221 colligo,
1789 4148 2037 4203 nonnihil
2083 4157 2266 4209 tamen
2309 4148 2448 4206 vidit

516 4214 756 4302 Ehem,
787 4233 885 4297 sed
925 4231 1152 4291 invento
1182 4233 1266 4289 uti
1299 4250 1537 4309 prorsus
1511 4232 1804 4293 nescivit
