2759 4850
1008 385 1850 515 nissssnrar10.··=
2019 537 2024 540 ἱ
2254 445 2395 518 125

300 624 509 691 modo
575 625 847 726 nimium
919 622 1050 689 alta
1121 619 1361 690 frustra
1426 615 1919 712 pervestigaret:
1982 589 2223 704 idcirco
2293 640 2407 693 aut

195 741 201 750 ’
302 745 564 795 summa
598 731 809 794 totius
851 726 1110 791 fabulae
1152 729 1222 791 in
1264 728 1391 793 hoc
1436 749 1674 814 genere
1708 727 1912 812 posita
1941 741 2101 806 erat,
2144 742 2255 792 aut
2283 723 2406 792 So-

226 909 245 922 l
302 846 524 895 crates
590 819 716 895 non
761 832 973 916 potius
1029 829 1115 893 ob
1174 828 1581 893 subtilitates
1618 851 1768 894 suas
1833 831 1899 891 in
1955 826 2438 914 Aristophanis

300 932 887 1018 reprehensionem
941 911 1224 996 maxime
1275 934 1653 996 incurrerat.
1741 928 2085 1015 Nunquam
2142 934 2407 995 omnino

300 1033 614 1100 Socrates
662 1036 1000 1119 captiosas,
1048 1032 1325 1118 quibus·
1305 1055 1598 1120 impense
1632 1030 2090 1110 delectabatur,
2134 1033 2408 1132 interro-

188 1129 197 1136 *
301 1139 611 1223 gationes
668 1138 1004 1220 omnisque
1061 1130 1429 1200 dialectices
1473 1138 1756 1202 studium
1813 1147 1923 1197 aut
1967 1123 2266 1217 abjecit,
2297 1148 2409 1200 aut
2459 1153 2468 1164 ¹

238 1266 245 1274 ·
300 1239 759 1310 tantummodo
801 1239 1141 1314 imminuit,
1185 1239 1299 1302 sed
1349 1259 1463 1322 per
1502 1252 1701 1304 totam
1747 1241 1941 1308 vitam
1981 1235 2105 1299 hoc
2150 1237 2409 1321 quidem

302 1357 460 1404 cum
501 1360 753 1403 summa
795 1337 1252 1422 aequabilitate
1298 1352 1489 1425 atque
1521 1343 1877 1404 constantia
1902 1339 2190 1400 retinuit.
2231 1338 2409 1424 Ergo
2473 1361 2482 1370 ⁸

304 1443 460 1528 'quis
518 1442 774 1506 tandem
828 1443 1130 1520 miretur,
1192 1441 1361 1548 Ιιχιιο
1424 1455 1676 1561 partem
1750 1437 2200 1525 philosophiae
2262 1441 2411 1503 ante

235 1597 239 1602 .
305 1555 606 1607 caeteras
660 1544 936 1626 juvenes
992 1543 1296 1608 didicisse
1340 1563 1492 1622 eos,
1538 1546 1645 1629 qui
1691 1564 1822 1607 non
1867 1542 1936 1605 id
1977 1539 2412 1627 sequebantur

306 1631 875 1729 (quemadmodum
936 1658 1035 1710 est
1098 1646 1268 1730 apud
1326 1641 1903 1731 Xenophontem),
1970 1656 2042 1707 ut
2101 1644 2286 1708 καλοί
2343 1668 2411 1710 τε

309 1745 623 1828 κάγαθοί,
671 1746 788 1809 sed
831 1747 902 1808 ut
910 1746 1343 1848 δημηγορικοὶ
1376 1747 1492 1809 -καὶ
1538 1747 1860 1810 δικανικοὶ-
1875 1742 2216 1832 aliquando
2259 1766 2413 1809 eva-

186 1853 223 1899 -‘
309 1849 560 1912 dei-ent.
606 1848 712 1911 Ex
743 1846 845 1909 his
878 1859 1089 1910 tamen
1119 1845 1358 1910 Critias
1380 1868 1570 1933 quam
1604 1847 1872 1910 Socrati
1883 1843 2115 1910 malam
2142 1848 2417 1931 gratiam

308 1947 645 2026 retulerit,
688 1960 864 2031 patet
895 1948 1250 2013 conferenti
1279 1945 1688 2013 Memorabil.
1724 1946 1792 2024 Ι,
1829 1952 1908 2023 2,
1941 1951 2045 2010 31.
2119 1944 2414 2032 Namque

311 2045 689 2125 dialectica,
734 2050 875 2132 ipsa
921 2051 1102 2127 dico,
1147 2065 1287 2113 non·
1322 2047 1603 2135 logicen,
1647 2051 1718 2113 in
1762 2049 1972 2112 causis
2013 2060 2079 2120 et
2116 2047 2184 2112 in
2228 2070 2414 2114 accu-

311 2150 570 2213 satione
626 2147 973 2213 factitanda
1028 2148 1377 2236 plurimum
1433 2147 1734 2215 valebant
1787 2151 1869 2214 ad
1914 2152 2067 2232 jura
2108 2148 2414 2236 legesque

284 2251 804 2338 ,pervertendast
847 2264 1129 2315 ceterum
1172 2245 1398 2318 eadem
1442 2267 1644 2317 verae¹
1673 2275 1752 2317 ac
1782 2272 2072 2317 summae
2111 2245 2417 2336 eloquea-

138 2373 155 2378 ’
275 2407 301 2459 ι

310 2356 472 2432 tiae,
496 2354 679 2436 cujus
708 2354 955 2441 species
985 2357 1053 2418 in
1085 2368 1298 2420 mente
1326 2369 1548 2419 nostra
1579 2356 1838 2435 insidet,
1871 2352 2105 2418 nocane
2132 2356 2413 2438 saepius,
2529 2389 2534 2398 ·

317 2478 516 2542 quam
560 2468 846 2540 prosunt.
911 2455 1058 2521 Hoc
1101 2461 1346 2542 optime
1387 2460 1549 2523 vidit
1590 2437 1815 2535 Cicer-b
1857 2456 2074 2522 multis
2113 2458 2181 2520 in
2224 2455 2413 2536 locis,

315 2571 397 2627 ut
437 2561 506 2622 in
532 2555 732 2620 Bruto
766 2576 820 2618 c.
851 2561 955 2621 31.
1041 2556 1193 2625 Non
1223 2573 1581 2647 repugnant
1609 2556 1722 2624 alii
1752 2557 1918 2639 loci,
1964 2572 2036 2623 ut
2055 2559 2215 2623 ibid.
2244 2580 2299 2625 c.
2331 2564 2417 2624 90
2539 2540 2548 2547 ’

319 2654 393 2723 'et
422 2656 680 2721 Orator.
714 2679 770 2721 c.
798 2660 905 2734 32,
948 2659 1016 2722 in
1060 2659 1291 2743 quibus
1338 2660 1674 2727 dialectica
1717 2676 1923 2725 artem
1951 2656 2182 2745 magius
2212 2661 2424 2725 disse*

321 2761 514 2826 rendi
568 2760 708 2822 sive
779 2755 1067 2843 logicen,
1137 2782 1352 2846 quam‘
1388 2776 1560 2827 artes
1618 2761 1961 2848 significat.
2056 2759 2422 2830 Luculento

324 2859 704 2944 hujusmodi
746 2858 1212 2944 sophismatum
1255 2861 1558 2947 exemplo
1597 2877 1817 2927 notum
1863 2861 2035 2926 istud
2062 2862 2421 2930 Alcibiadis
2520 2885 2530 2892 ·

325 2961 723 3048 colloquium
781 2982 925 3025 esse
987 2976 1232 3047 potest,
1289 2962 1462 3047 quod
1518 2982 1662 3026 cum
1703 2959 1953 3025 Pericle
1987 2956 2216 3025 'tutore
2272 2983 2417 3042 suo,

325 3056 967 3154 peradolescentulus
1008 3067 1210 3128 seruit
1255 3066 1334 3130 de
1378 3085 1481 3143 eo,
1530 3065 1678 3149 quid
1722 3074 1894 3126 esset
1931 3058 2042 3124 lex
2088 3060 2418 3148 (Xenoph.

320 3162 691 3233 Memorab.
746 3162 810 3242 Ι,
863 3168 939 3242 2,
991 3171 1078 3230 40
1096 3158 1315 3247 -’47,
1368 3169 1594 3254 (quum
1636 3163 2012 3250 praesertim
2057 3159 2161 3225 his
2204 3162 2423 3229 verbis

326 3268 615 3345 finiatur,
659 3262 867 3350 plenis
910 3266 1279 3333 aculeorum
1325 3276 1515 3354 atque
1559 3265 1931 3355 superbiae:
1987 3262 2149 3329 Εἴθε
2193 3287 2326 3341 σοι,
2368 3256 2423 3331 ὦ

329 3371 683 3456 Περίκλεις,
735 3364 873 3433 τότε
915 3368 1350 3457 συνεγενόμηῳ,
1397 3368 1500 3436 ὅτε
1543 3366 2010 3442 δεινότατος
2051 3363 2424 3451 (legendum

296 3512 303 3525 ν
332 3475 375 3539 δ
386 3498 413 3537 ε
427 3494 496 3536 ιν
510 3470 542 3535 6
556 3494 594 3534 τ
610 3494 637 3534 ε
654 3493 690 3552 ρ
704 3494 737 3534 ο
754 3470 825 3554 ς)
883 3477 1116 3537 σαυτοῦ
1166 3478 1364 3537 ταῦτα
1421 3465 1601 3556 ἦσθα
1614 3473 1645 3534 Ι
1722 3469 1829 3534 Ex
1873 3467 1976 3532 his
2018 3465 2421 3553 intelligitur,

329 3572 750 3665 pervagatum
792 3570 952 3637 illud
999 3572 1206 3640 Τόν“
1166 3598 1335 3658 ηττω
1377 3572 1560 3660 λόγον
1602 3573 1857 3659 κρείττω
1895 3576 2085 3644 ποιεῖ’,
2130 3560 2299 3653 quod
2332 3570 2424 3635 ad
2501 3572 2508 3577 ’

329 3680 612 3768 priorem
653 3671 940 3740 fabulam
979 3666 1255 3743 dilucide
1302 3676 1524 3742 retulit
1559 3672 1858 3740 Socrates
1888 3667 2281 3749 Platonicus,
2324 3673 2423 3736 ita

333 3789 769 3865 comparatum
825 3796 1007 3858 esse,
1080 3794 1154 3847 ut
1207 3782 1279 3844 in
1336 3799 1422 3861 eo
1476 3773 1862 3863 exagitando
1919 3773 2205 3836 maxima
2241 3771 2448 3840 illius·
2535 3846 2544 3851 Ἠ

328 3879 615 3961 fabulae
632 3879 734 3943 vis
776 3881 1154 3957 constiterit.
1228 3878 1663 3967 Quamobrem
1702 3878 1941 3962 primas
1970 3869 2196 3937 Nubes
2223 3876 2426 3971 signi·
2481 3866 2486 3870 ⁴

332 3982 565 4048 ficasse
602 3981 909 4047 censendi
942 3984 1094 4047 sunt
1134 3986 1326 4047 etiam
1365 3981 1438 4047 hi
1480 3982 1865 4066 scriptores,
1906 3976 2180 4063 primum
2212 3975 2425 4057 Quiu—
2525 4038 2532 4047 ,

335 4082 629 4151 ctilianus
673 4088 913 4165 2,16‚
959 4088 1019 4151 3
1104 4082 1279 4150 Nam
1337 4093 1410 4149 et
1452 4080 1727 4149 Socrati
1777 4072 2102 4164 objiciunt
2152 4076 2419 4159 Comici,

336 4184 615 4252 docere
616 4206 777 4265 eum,
821 4186 1128 4273 quomodo
1160 4190 1459 4273 pejorem
1506 4202 1767 4250 cumam
1808 4181 2137 4245 melam-em
2156 4176 2417 4256 faciat.

334 4302 473 4356 tum
511 4285 845 4376 Diogenes
896 4288 1196 4355 Laertius
1235 4287 1337 4368 11,
1383 4294 1462 4356 18
1536 4260 1646 4355 ’καὶ
1698 4277 2198 4371 Ἀρισῒοφᾶνης
2229 4277 2422 4348 αὐτὸν
2484 4282 2496 4293 ”
