2759 4850
600 476 703 532 ΕΤ
756 474 860 531 DE
911 476 1285 535 PBLARGIS
1336 476 1912 537 ams'rorlums.
2208 466 2301 535 19

24 562 29 681 ἱ
202 654 274 706 et
312 608 686 708 Ausonibus
731 657 824 721 et
848 641 1007 708 aliis
1032 643 1218 710 bene
1261 642 1517 725 multis,
1561 644 2095 732 pervagatissimo
2141 666 2299 732 quo·

24 738 25 741 '
198 745 354 808 dam
413 766 631 809 errore
687 767 926 811 nomen
970 732 1330 831 Tyrrhenis
1382 749 1587 813 fuisse
1650 759 2005 813 asseverat.
2105 748 2300 813 Haud

197 846 371 911 male
415 847 687 911 forsitan
716 844 1127 915 Hellanicus:
1176 865 1240 915 at
1270 849 1593 933 Dionysio
1625 849 2042 915 vehementer
2090 848 2304 941 obstat

196 951 413 1034 ipsum
437 947 595 1014 illud
615 934 1102 1032 Tyrrhenorum
1139 974 1398 1033 nomen,
1448 953 1620 1039 quod
1662 967 1726 1016 et
1756 955 2014 1038 proprie
2043 952 2302 1017 Etrusci
2403 972 2414 983 “

191 1052 337 1135 jam
381 1053 659 1138 antiquis
702 1050 1136 1138 temporibus,
1180 1066 1249 1118 et
1286 1056 1455 1141 apud
1491 1068 1715 1119 omnes
1747 1052 2054 1140 Pelasgi
2034 1074 2304 1119 invene-

197 1165 372 1217 runt.
459 1152 710 1219 Verum
739 1151 1083 1243 Hellanico
1108 1159 1200 1218 ita
1233 1169 1483 1223 tantum
1524 1159 1999 1239 adsentiemur,
2043 1159 2102 1222 si
2135 1156 2302 1222 forte

196 1252 464 1340 Pelasgi
510 1277 869 1342 cognomen
927 1254 1010 1321 ab
1067 1257 1380 1336 Etrusco,
1429 1257 1772 1344 expulsore
1832 1281 1992 1339 suo,
2055 1281 2301 1324 assum-

197 1370 459 1431 serunt3
505 1360 607 1421 sin
650 1370 864 1422 autem
905 1371 1127 1424 nostra
1169 1360 1548 1443 conjectura
1596 1362 1892 1426 standum
1938 1374 2076 1441 est,
2121 1382 2198 1426 ac
2238 1363 2298 1425 si

162 1514 175 1527 .
199 1458 362 1531 olim
390 1457 650 1546 Pelasgi
690 1482 728 1523 e
760 1459 971 1545 Lydia
1022 1475 1209 1526 erant
1254 1460 1559 1547 profecti,
1601 1462 1905 1537 nimirum
1953 1482 2084 1528 vox
2129 1459 2300 1546 Tyr·

196 1560 391 1625 rheni
432 1572 573 1625 orta
611 1584 652 1625 a
672 1561 965 1651 Pelasgis
1007 1567 1076 1629 in
1118 1566 1390 1650 pristina
1420 1561 1911 1648 Tyrrhenorum
1941 1566 2096 1629 sede
2115 1567 2298 1651 justo

194 1663 442 1726 diutius
471 1667 781 1729 remansit
810 1688 1091 1755 moxque
1123 1667 1207 1730 ad
1236 1689 1497 1732 omnem
1538 1667 1922 1731 redundavit
1949 1666 2296 1731 Etruriam.

195 1762 307 1829 Ab
352 1764 640 1830 Etruscis
695 1769 892 1851 igitur
933 1767 1101 1853 pulsi
1149 1790 1235 1833 ex
1278 1768 1471 1834 Italia
1525 1781 1717 1853 atque
1762 1770 1993 1849 rejecti
2051 1771 2112 1832 si
2167 1789 2300 1831 non

196 1887 463 1943 omnes,
504 1879 570 1928 at
599 1888 835 1951 magna
860 1881 1076 1933 tamen
1104 1867 1526 1954 Pelasgorum
1570 1883 1827 1931 caterva
1867 1870 1933 1931 in
1966 1865 2303 1932 Graeciam

192 1979 633 2049 revertuntur.
715 1969 956 2047 Prima,
1001 1982 1073 2034 ut
1095 1971 1370 2049 videtur,
1416 1971 1608 2034 totius
1651 1967 1960 2045 Graeciae
1986 1971 2192 2056 regio,
2228 1972 2300 2034 ia

193 2058 399 2156 quam
447 2065 644 2131 delati
701 2066 1100 2153 aliquantum
1156 2070 1509 2145 subsistere
1564 2072 1865 2156 possent,
1934 2068 2302 2135 Acarnania

178 2172 339 2241 ,fuit
422 2167 683 2246 Deinde
722 2169 983 2258 Pelasgi
1037 2194 1166 2238 una
1207 2192 1351 2238 cum
1393 2170 1760 2239 Thracibus
1809 2175 2177 2238 incursione
2230 2175 2301 2238 in

196 2272 540 2338 Boeotiam
580 2271 750 2355 facta
790 2274 1059 2339 vincunt
1094 2274 1455 2355 'Cadmeos,
1502 2277 1708 2343 victos
1752 2279 1825 2341 in
1865 2273 2300 2353 Thessaliam,

197 2377 544 2463 praecipue
569 2358 728 2440 'vero
759 2373 981 2444 Arnen
999 2420 1021 2457 ,
1066 2399 1211 2442 sese
1236 2381 1524 2468 recipere
1552 2393 1830 2492 cogunt*
1899 2364 2112 2452 Multo,
2155 2392 2301 2466 post

197 2499 395 2565 quum
444 2478 707 2544 Cadmei
754 2482 1001 2564 patriae
1047 2480 1398 2561 desiderio-
1424 2483 1687 2548 domum
1744 2482 2069 2550 redissent
2125 2504 2299 2549 com-

199 2698 337 2751 pere
383 2680 588 2750 fallitur
631 2683 723 2739 vir
761 2683 1012 2738 eximius.
1090 2684 1209 2737 Pri-
1288 2693 1485 2739 norum
1520 2702 1821 2760 cognomen
1854 2686 1914 2739 in
1940 2683 2168 2740 Graecia
2199 2703 2300 2748 ,ac-

196 2784 348 2823 mum
420 2768 568 2822 enim
637 2769 929 2837 scriptores
993 2769 1075 2823 illi
1144 2771 1215 2822 de

194 2854 443 2908 Etruscis
489 2871 564 2907 ne
612 2851 921 2927 cogitabant
979 2855 1214 2925 quidem,

197 2940 331 2994 imo·
358 2939 500 2993 nihil
548 2939 695 2993 alind
745 2943 976 3015 agebant
993 2979 1010 3009 ,
1051 2939 1233 3011 quam‘

196 3035 259 3080 ut
326 3027 532 3095 duplex
597 3043 796 3080 nomen
860 3027 1215 3097 Τυῤῥῃνοὶ

195 3107 598 3180 Πελασγοί,
651 3112 787 3165 satis
829 3110 964 3165 illud
997 3112 1213 3181 mirum,

44 3233 87 3258 ,ι
197 3199 492 3252 commode
547 3197 900 3267 explicarent.
992 3198 1232 3253 Deinde*

196 3299 314 3338 non
358 3300 522 3336 unam
555 3284 647 3337 hic
685 3285 883 3337 famam
926 3285 1207 3350 habemus,

196 3371 299 3424 sed
334 3369 557 3424 omnino
605 3371 904 3440 duplicem:
962 3370 1212 3423 Hellani-

195 3472 300 3509 cus
329 3456 475 3509 enim
507 3458 576 3511 de
599 3457 944 3534 Pelasgorum
974 3458 1212 3511 adventu

196 3541 259 3595 in
293 3542 449 3596 Italia
474 3543 708 3597 ‘dis-serit
722 3584 740 3611 ‚
788 3550 980 3597 contra
1003 3541 1212 3611 Myrsi-

72 3653 83 3660 „
194 3628 284 3682 lus
320 3630 393 3682 de
424 3627 604 3682 reditu
642 3645 936 3684 eorum.ex
971 3616 1208 3682 Italia'in

199 3714 517 3783 Graeciam,
587 3716 749 3769 adeo·
775 3724 836 3768 ut
889 3715 947 3769 hi
1014 3717 1213 3767 duum-

195 3800 310 3856 viri
355 3800 573 3855 diversa
619 3802 888 3870 planeque
938 3800 1239 3856 contraria

196 3886 396 3940 afferre
429 3886 741 3942 necessario
786 3887 1087 3941 debuerint.
1144 3889 1215 3941 Et

195 3970 475 4027 Hellanici
509 3973 730 4042 quidem
761 3972 1030 4028 sententia
1063 3982 1211 4029 certe

195 4060 425 4120 multis
407 4077 515 4128 jam
538 4059 831 4130 antiquitus
859 4062 1085 4142 probata
1112 4067 1215 4127 est,

80 4135 95 4158 ⁸
200 4146 345 4200 sicut
368 4145 475 4215 ipsi
493 4146 787 4216 Dionysio.
822 4146 927 4204 sio
946 4144 1093 4200 enim
1115 4145 1216 4226 ¹ffi?

1295 2771 1530 2839 cepisse,
1565 2782 1626 2827 ut
1665 2790 1698 2825 a
1734 2772 1906 2846 cascia
1941 2770 2178 2844 Pelasgis
2213 2771 2299 2825 di-

1294 2855 1475 2908 scerni
1504 2864 1746 2923 possent,
1776 2855 1870 2923 qui
1898 2871 1970 2907 ex
1996 2855 2128 2909 Asia
2148 2854 2301 2923 olim,

1289 2938 1407 2991 non
1451 2956 1524 2994 ex
1559 2938 1715 2998 Italia
1761 2937 2123 2994 advenissent.
2181 2941 2302 2993 De-

1296 3026 1465 3095 nique
1492 3024 1730 3095 Myrsilo
1753 3024 2085 3108 ‘affirmantk
2118 3026 2304 3077 Pelat-

1289 3119 1486 3186 gornm
1550 3127 1786 3192 nomen*
1824 3109 2124 3184 recentius·
2179 3125 2302 3165 esse

1286 3215 1449 3268 quam
1485 3200 1901 3267 Tyrrhenorum
1934 3195 2191 3252 universa
2211 3197 2300 3251 fa-

1283 3293 1380 3339 vet
1414 3284 1718 3354 antiquitas.
1767 3286 1945 3338 Probe
1982 3276 2128 3339 enini
2162 3300 2299 3340 ver-

1286 3370 1357 3422 ba
1396 3367 1675 3440 Πελασγοὶ
1700 3379 1757 3423 et
1778 3366 2060 3441 Πελαργοὶ
2103 3370 2300 3425 distin-
2393 3429 2398 3436 ,

1285 3456 1498 3549 guenda
1560 3464 1718 3510 sunt.
1785 3457 2010 3529 Quodsi.
2035 3456 2301 3525 Myrsilus

1286 3557 1389 3611 pro
1436 3541 1677 3614 Pelargis
1728 3541 2057 3596 nominasset
2110 3543 2299 3620 Pelas-

1283 3643 1404 3726 gos,
1435 3629 1745 3698 suspicarer
1765 3644 1909 3694 eum,
1936 3634 1997 3678 ut
2023 3626 2140 3695 ipse
2160 3613 2299 3682 con-

1282 3714 1422 3782 jeci,
1472 3716 1794 3784 Tyrrhenos
1825 3714 2084 3784 Pelasgos
2118 3728 2151 3767 e
2182 3713 2299 3783 Ly·
2327 3715 2340 3728 ⁸

1288 3799 1394 3853 dia'
1411 3816 1704 3855 arcessere.
1756 3801 1916 3853 Nunc
1938 3797 2202 3868 Myrsilus
2232 3816 2301 3854 ea

1292 3887 1474 3954 docet,
1510 3902 1648 3955 quae
1682 3899 1845 3939 nemo
1879 3884 2180 3955 qnisquam
2191 3887 2299 3941 ne-

1287 3972 1463 4045 garit,
1510 3971 1665 4025 multi
1700 3987 1930 4041 prorsus
1959 3972 2296 4027 confirment.

1369 4061 1670 4112 Acarnania
1708 4055 1855 4140 ficii]
1910 4043 2197 4111 Pausanias
2249 4056 2314 4134 1,-

1292 4146 1398 4212 28,
1433 4146 1487 4197 3.
1517 4138 1573 4210 ἢ
1605 4124 1870 4198 Σικελουσ
1905 4138 1976 4197 vo
2023 4139 2083 4207 ἐξ
2121 4135 2298 4211 “015⁶

198 4249 397 4302 neque
417 4232 478 4286 id
514 4233 746 4286 absurde
776 4232 1092 4297 censebant,
1113 4185 1216 4284 Pe-
1282 4223 1467 4283 ὄντας
1491 4223 1851 4316 mamam
1881 4222 2229 4295 μετοικῆσαι.

204 4319 388 4392 lasgos
423 4334 499 4375 ex
514 4319 673 4375 Italia
694 4331 950 4378 reversos
971 4317 1221 4387 Tyrrhe-

1365 4316 1570 4379 Pelasgi
1613 4331 1717 4365 nna
1762 4331 1875 4365 cnm
1916 4314 2204 4367 Thracibus
2231 4335 2300 4349 -
2339 4378 2354 4386 -

1772 4402 1814 4459 2
1856 4398 1890 4435 *
