2759 4850
268 377 275 384 ’
407 401 550 471 tos
820 411 970 467 oa
1021 405 1362 467 somus
1405 351 1692 464 varan.
1739 399 1996 509 como.
2085 411 2089 415 ·

378 591 535 659 set,
577 592 783 666 atque·
789 501 1342 644 intercedentibus
1386 576 1716 663 nti-iusque
1757 574 1983 640 amicis
2027 529 2484 694 cnnnSocrate

396 679 877 747 reconciliatam
919 699 1101 745 esse.)

450 833 457 842 .
546 779 799 868 Neque
824 795 1036 852 tamen
1074 787 1220 901 post
1252 794 1521 856 mortem
1552 778 1808 846 demum
1834 703 2318 864 Aristophanis
2309 777 2481 845 haec

390 883 620 950 fabula
648 885 846 949 ·edita
888 898 1023 965 est,
1082 886 1142 948 si
1182 883 1435 969 quidem
1479 903 1621 947 eam
1666 895 1742 945 et
1759 877 2147 966 ,Xenophon
2189 892 2260 944 et
2298 880 2482 945 Plato

392 988 531 1070 jam
573 998 904 1050 noverant.
975 982 1222 1070 Nempe
1261 993 1453 1069 poeta
1500 1005 1694 1072 quum
1740 1002 1947 1069 neque
1990 982 2315 1048 docuisset
2357 980 2480 1048 bas

392 1086 644 1163 Nubes,
673 1098 743 1150 et
766 1084 1065 1172 neplene
1088 1086 1468 1172 perfecisset
1495 1085 1774 1171 quidem,
1814 1086 1990 1149 idem
2017 1097 2231 1154 tamen
2262 1081 2479 1148 delere

393 1186 598 1253 ‘nollet
630 1180 778 1253 'e‘am
821 1185 1103 1262 fabulam
1121 1231 1142 1265 ,
1204 1208 1367 1273 quae
1406 1188 1537 1274 ipsi
1577 1208 1827 1273 quoqne
1868 1187 2125 1272 egregie
2171 1184 2475 1271 placeret,
2595 1243 2644 1272 f,

386 1292 579 1358 sicuti
620 1294 873 1377 placere
917 1288 1215 1355 omnibus
1274 1287 1494 1356 debet:
1549 1286 1893 1377 legendam
1935 1308 2076 1351 eam
2133 1287 2348 1366 dedit,
2402 1300 2477 1354 ut

390 1406 556 1472 erat,
599 1392 1022 1478 submisitque
1075 1389 1503 1457 familiaribus
1560 1396 1730 1472 suis,
1788 1413 1828 1455 a
1882 1388 2113 1476 quibus
2158 1390 2476 1478 descripta

370 1515 548 1560 ·1nox
587 1496 656 1558 in
702 1492 933 1580 vulgos
981 1495 1326 1575 emanavit.
1429 1491 1730 1558 Ceterum
1785 1490 2281 1576 Aristophanem
2325 1513 2473 1558 cum

286 1597 299 1614 ⁸
330 1675 343 1686 t
388 1596 697 1662 Socrate‘
720 1597 791 1660 in
844 1597 1119 1680 gratiam
1174 1595 1423 1659 redisse
1488 1591 1807 1680 permulta
1862 1606 2236 1680 argumento
2292 1608 2469 1659 sunt:

383 1699 668 1785 prhnum
712 1695 884 1782 qnod
924 1694 1179 1766 Socrati
1220 1675 1593 1782 gratificans
1649 1696 1769 1764 has
1797 1693 2025 1784 Nubes
2063 1716 2192 1760 ιιοιι
2232 1681 2466 1773 docuit,

383 1819 595 1886 neque
610 1799 793 1894 quod
822 1810 960 1866 erat
984 1797 1245 1863 fabulae
1287 1797 1597 1886 absolvit,
1633 1802 1709 1864 in
1753 1820 1879 1885 quo
1922 1798 1990 1864 id
2029 1798 2236 1883 ipsum
2277 1818 2470 1883 quae-

381 1906 579 1976 situm
618 1913 755 1979 est,
797 1895 1178 1987 utpateret,
1220 1922 1261 1965 a
1293 1900 1564 1968 consilio
1608 1902 1878 1987 hujusce
1913 1897 2172 1964 fabulae
2216 1908 2470 1985 poetam

379 1993 609 2090 ipsum
646 2000 866 2089 paullo
923 2016 1071 2087 post
1123 2002 1557 2069 abhorruisse.
1654 2004 1909 2070 Deinde
1967 2020 2122 2064 vero
2178 2002 2375 2066 etiam
2427 2022 2467 2066 e
2543 2040 2556 2055 ν

358 2106 724 2192 'Symposio
766 2104 1077 2171 Platonis
1094 2107 1161 2171 id
1205 2119 1363 2192 puto
1409 2100 1725 2194 intelligi,
1769 2108 1880 2193 qui
1923 2103 2175 2189 quidem
2215 2100 2469 2192 Aristo-
2511 2123 2520 2127 ·

377 2207 611 2294 phanis
652 2228 995 2298 personam
1035 2206 1390 2272 laetissimo
1435 2210 1732 2282 convivio
1778 2206 2111 2276 hominum
2152 2206 2465 2270 amicissi-

377 2329 627 2375 morum
673 2306 781 2372 vel
822 2311 1104 2374 maxime
1149 2306 1315 2382 hanc
1360 2305 1444 2371 ob
1488 2329 1744 2373 causam
1783 2309 2093 2386 inseruit,
2136 2320 2236 2371 ut
2248 2305 2463 2391 palam

375 2405 771 2488 declararet,
831 2407 1157 2512 Comicum
1209 2406 1326 2474 illo
1368 2423 1661 2496 tempore
1712 2407 1861 2494 (Ol.
1902 2428 2028 2489 xc,
2067 2417 2114 2474 4
2154 2401 2461 2475 archonte

377 2511 734 2597 Euphemo,
773 2513 843 2574 in
878 2498 1046 2596 quod
1074 2523 1323 2596 ternpus
1363 2513 1649 2585 incidere
1693 2513 2056 2578 convivium
2087 2504 2257 2578 illud
2275 2513 2460 2598 fecit)

368 2616 439 2679 in
485 2610 856 2699 philosophi
910 2615 1182 2701 gratiam
1230 2614 1597 2680 restitutum
1639 2615 1866 2680 fuisse.
1964 2614 2306 2680 Praeterea
2349 2610 2458 2681 h1c

369 2737 503 2783 nou
535 2728 747 2801 potest
772 2736 900 2780 non
938 2713 1206 2780 multum
1234 2713 1455 2789 valere
1488 2721 1830 2784 auctoritas
1861 2720 2136 2784 duorum
2170 2717 2460 2784 Socratis

370 2814 684 2882 cultorum
712 2818 921 2881 dicam
949 2820 1029 2881 dn
1067 2816 1548 2904 discipulorum,
1572 2818 2026 2907 Xenophontis
2057 2818 2451 2891 etPlatonis·

266 2911 273 2918 ’
370 2940 639 3006 quornm
683 2916 846 2984 alter
885 2939 1018 2983 nou
1061 2920 1285 2985 oderat
1303 2919 1825 3005 Aristophanem,
1860 2917 2020 2984 alter
2050 2923 2246 2984 etiam
2277 2943 2453 2987 ama·

365 3019 501 3087 bat..
585 3019 840 3100 Quodsi
868 3020 1796 3108 perrexissenAristophanes
1833 3018 2159 3085 Socratem
2208 3023 2447 3104 odisse,

278 3126 283 3129 ’
365 3144 480 3189 cur
526 3125 827 3207 deinceps
871 3121 1220 3205 obmutuit,
1278 3146 1389 3188 cur
1427 3143 1562 3186 non
1615 3119 1873 3208 publice
1928 3123 2211 3188 animum
2258 3146 2486 3211 suunt.

250 3264 257 3271 ·
361 3219 687 3301 nudavit,
723 3244 839 3286 cur
878 3224 1195 3287 maximas
1250 3226 1553 3310 carpendi
1593 3222 1769 3288 illius
1809 3225 2178 3290 occasiones
2222 3239 2449 3310 postea

363 3326 638 3402 dimisit,
707 3345 821 3389 cur
871 3343 1016 3386 eum
1070 3324 1173 3392 bis
1229 3339 1406 3392 terve
1462 3327 1722 3391 omniuo
1778 3327 1845 3389 in
1906 3329 2152 3391 cunctis
2197 3326 2446 3394 fabulis

357 3423 626 3512 reliquis
685 3438 751 3489 et
802 3445 956 3490 vero
1001 3429 1196 3491 etiam
1239 3429 1309 3492 in
1353 3429 1733 3517 fragmentis
1785 3428 1960 3507 risit,
2017 3430 2211 3516 idque
2268 3443 2445 3496 tanta

358 3529 684 3608 comitate,
729 3538 801 3592 ut
829 3549 958 3591 non
989 3524 1341 3609 Periclem,
1387 3552 1516 3596 non
1547 3529 1976 3614 Aeschylum,
2021 3554 2151 3600 non
2187 3532 2441 3619 Sopho-

359 3629 558 3711 clem,
597 3650 764 3696 ἰιοιι
834 3630 1110 3718 denique
1182 3635 1608 3699 amicissimos
1680 3637 1784 3699 sui
1841 3631 2055 3701 lenius
2124 3635 2454 3723 potuerit}⁸

356 3729 605 3818 Neqne-
631 3755 753 3819 ego
794 3731 916 3798 hos
959 3735 1327 3831 duumviros
1369 3735 1611 3800 amicos
1655 3738 1836 3801 inter
1864 3759 1935 3802 se
1977 3736 2110 3820 ullo
2152 3752 2439 3825 tempore

244 3845 251 3853 ·
352 3833 556 3898 fnisse
595 3855 833 3921 pugno,
879 3835 992 3900 sed
1035 3837 1130 3900 sic
1173 3838 1472 3917 decerno,
1518 3856 1600 3900 ne
1627 3839 1924 3906 inimicos
1941 3842 2202 3927 quidem
2234 3841 2437 3908 fuisse

351 3935 648 4013 eosdem,
695 3939 824 4002 nisi
865 3959 1061 4024 quum
1097 3936 1324 4004 Nubes
1365 3951 1670 4025 utraeque
1716 3942 2164 4008 scriberentur.
2249 3941 2438 4020 Quae

349 4058 544 4122 qaum
589 4038 898 4139 ita-sint,
957 4063 1088 4109 ιιοιι
1132 4043 1344 4106 acrius
1389 4039 1852 4129 Aristophanes
1907 4042 2233 4111 Socratem
2287 4069 2434 4133 per-

286 4150 293 4155 '
349 4139 637 4218 strinxit,
683 4141 871 4224 quam
898 4141 1233 4228 Amipsias
1272 4142 1648 4223 in‘Conno,
1696 4143 1896 4210 multo
1937 4160 2152 4223 autem
2193 4146 2428 4228 lenius,

340 4260 532 4326 qnam
573 4242 641 4305 in
689 4238 912 4327 Raptis
956 4243 1260 4330 Eupolis,
1313 4253 1504 4331 potita
1539 4249 1719 4331 justo
1759 4246 2258 4316 maledicentior-
2345 4249 2432 4314 Et
