2759 4850
465 439 610 509 194
728 519 734 526 ,
927 387 1030 503 mi
1082 440 1424 506 socaA‘rn
1475 448 1751 506 varna-
1805 444 2055 504 come.

454 631 683 704 purget
724 614 1037 703 planeque
1081 618 1308 682 doceat
1347 613 1565 682 verbis
1606 616 1895 694 usitatis,
1955 636 2070 680 cur
2101 634 2232 680 non
2255 617 2618 700 juvenes

454 722 614 785 istos
658 716 859 783 multo
922 732 1068 782 ante
1125 740 1166 782 a
1220 738 1292 782 se
1347 707 1611 804 prorsus
1651 720 2122 803 segregaverit,
2164 724 2611 802 praesertim

457 824 518 887 si
560 824 773 887 severi
814 820 1053 904 judicis
1096 839 1371 905 persona
1414 819 1710 884 adsumta
1746 840 1949 904 neque
1998 821 2394 906 interrogari
2446 843 2609 887 nos

454 923 806 992 identidem
848 924 1165 1007 patiemur
1190 996 1202 1012 ,
1227 920 1438 1006 (quod
1477 942 1564 985 ne
1603 924 1672 984 iu
1718 923 1947 1005 capitis
1989 922 2248 1006 quidem
2295 923 2601 1007 judicio

453 1025 985 1090 innocentissimo
1016 1022 1264 1087 homini
1287 1023 1448 1085 satis
1476 1043 1564 1087 ex
1590 1023 1912 1086 sententia
1936 1024 2304 1108 processit),
2338 1045 2598 1111 nequo

456 1127 625 1212 apud
678 1145 798 1189 nos
846 1121 1038 1188 Genii
1085 1126 1305 1188 nescio
1347 1126 1532 1207 cujus
1569 1125 1926 1201 incusatio,
1981 1126 2322 1189 commoda
2364 1147 2587 1208 sane,

453 1228 800 1317 plurimum
853 1221 1114 1290 valebit.
1217 1222 1540 1301 Quattuor
1609 1237 1720 1289 aut
1792 1227 2073 1311 quinque
2140 1230 2329 1292 aunis
2406 1223 2590 1314 post

457 1328 692 1396 alteras
737 1325 965 1394 Nubes
1018 1327 1277 1413 scripsit
1321 1322 1813 1414 Aristophanes.
1899 1326 2031 1391 Hic
2087 1347 2244 1392 vero
2290 1338 2580 1414 poetam

457 1437 660 1504 nimia
699 1432 969 1518 quadam
1001 1429 1336 1493 iracundia
1362 1427 1698 1514 abreptum
1727 1439 2061 1516 tantopere
2089 1449 2129 1492 a
2159 1441 2366 1494 semet
2399 1427 2575 1517 ipso

457 1536 805 1599 descivisse
846 1531 1090 1607 fateor,
1136 1543 1209 1592 ut
1257 1527 1722 1614 Aristophanes
1761 1532 1830 1594 in
1872 1529 2221 1612 Meletum,
2261 1531 2574 1602 Socratis

456 1645 889 1732 accusatorem
909 1675 930 1710 ,
973 1629 1274 1695 Socrates
1319 1644 1534 1696 autem
1576 1633 1644 1694 in
1684 1623 2028 1711 Cleonem,
2074 1631 2569 1702 turbulentissi-

454 1723 632 1802 mum
675 1734 1028 1811 hominem,
1072 1731 1413 1816 Equitibus
1443 1731 1671 1798 fabula
1698 1735 2051 1814 concisum,
2083 1746 2367 1808 mutatus
2404 1757 2565 1801 esse

454 1841 774 1906 videatur.
865 1831 1048 1911 Quae
1080 1833 1320 1898 fuerint
1349 1855 1581 1900 causae
1610 1836 1771 1899 tanti
1799 1836 1965 1915 odii,
2009 1858 2233 1922 parum
2266 1851 2562 1904 constat:

453 1920 658 2007 multa
698 1939 873 2002 euim
914 1935 1233 2000 finxeris
1212 1956 1509 2022 impune.
1550 1936 1753 2002 fuisse
1782 1955 1935 2000 vero
1962 1949 2095 2003 tum
2127 1937 2562 2023 Aristophani

454 2062 726 2128 magnas
759 2059 900 2104 cnm
931 2037 1196 2104 Socrate
1232 2039 1644 2118 inimicitias,
1683 2038 1933 2121 jamdiu
1966 2039 2129 2106 mihi
2159 2039 2383 2127 liquet.
2465 2042 2558 2112 In

456 2166 582 2242 quo
608 2162 848 2231 genere
880 2160 1188 2226 ‚peccasse
1213 2136 1749 2226 Aristophanem,
1796 2162 1926 2204 non
1969 2163 2168 2229 nego:
2214 2142 2340 2224 hoc
2377 2146 2552 2228 dico,

454 2266 603 2310 eum
647 2266 779 2309 non
825 2243 1016 2309 modo
1060 2253 1386 2327 peccatum
1431 2262 1617 2306 suum
1650 2244 1929 2327 ingenue
1973 2245 2345 2326 confessum
2380 2269 2568 2329 esse‚.

452 2367 679 2410 verum
733 2345 944 2407 'etiam
1002 2342 1274 2405 honeste
1352 2361 1506 2405 mox
1569 2344 1964 2409 emendasse.
2075 2344 2303 2433 Neque
2374 2353 2554 2416 enim

457 2444 760 2510 Comicus
805 2457 919 2506 aut
963 2445 1180 2508 docuit
1222 2440 1416 2531 hasce
1459 2441 1723 2525 Nubes,
1779 2460 1890 2512 aut
1947 2453 2213 2515 omnino
2256 2452 2545 2536 perfecit.

453 2547 620 2626 Hic,
663 2560 734 2611 ut
776 2566 999 2611 omues
1059 2545 1471 2628 conjecturae
1528 2547 1797 2635 angulos
1835 2553 2138 2617 studiose
2191 2556 2544 2639 perquiras,

412 2690 424 2735 ·.
455 2663 669 2715 tamen
714 2667 965 2732 semper
1009 2646 1235 2710 eodem
1277 2646 1633 2714 revolveris
1679 2665 1867 2739 atque
1899 2654 2174 2734 videbis,
2213 2651 2544 2723 Comicum

433 2737 743 2842 'repente
753 2749 841 2815 ab
886 2751 1140 2836 incepto
1183 2751 1506 2817 destitisse
1550 2765 1662 2817 aut
1703 2755 1874 2834 ideo,
1907 2757 2078 2841 quod
2109 2781 2252 2825 cum
2275 2761 2540 2829 Socrate

453 2851 904 2919 reconciliatus
946 2864 1153 2933 esset,
1202 2866 1312 2917 aut
1354 2852 1617 2928 saltem,
1663 2856 1833 2942 quod
1875 2856 2067 2945 longe
2112 2859 2298 2927 aliter
2340 2864 2419 2928 de
2459 2886 2538 2931 eo

454 2960 742 3022 sentiret.
829 2954 926 3049 Ac
966 2957 1237 3019 rediisse
1266 2952 1770 3046 Aristophanem
1814 2979 1960 3023 cum
1990 2961 2318 3039 Socrate
2295 2988 2363 3029 ιιι
2393 2988 2541 3052 gra-

451 3063 645 3140 tiam,
690 3061 883 3125 etiam
943 3078 1029 3119 ex
1083 3076 1162 3118 eo
1222 3069 1395 3119 recte
1453 3056 1830 3137 concludaS,
1877 3065 2047 3147 quod
2093 3086 2299 3152 neque
2339 3069 2404 3132 in
2446 3082 2536 3135 tot

451 3162 863 3247 fragmentis,
899 3179 1061 3243 quae
1104 3156 1442 3238 habemus,
1486 3181 1634 3225 eum
1675 3164 2058 3253 nominavit,
2089 3170 2340 3234 nedum
2350 3169 2532 3239 ludos

452 3263 645 3341 fecit,
690 3279 894 3353 neque
942 3261 1249 3338 omnino,
1285 3261 1345 3323 si
1392 3284 1431 3325 a
1473 3247 1774 3327 Nubibus
1815 3268 2099 3353 utrisque
2142 3271 2527 3355 discesseris,

450 3366 520 3428 in
563 3364 810 3427 cunctis
863 3355 1131 3443 reliquis
1190 3359 1466 3441 fabulis,
1513 3366 1659 3428 nisi
1705 3364 1808 3431 bis
1853 3380 2066 3452 terve,
2110 3372 2339 3437 leviter
2386 3395 2529 3441 eum

450 3465 682 3549 tetigit.
768 3458 1062 3553 Namque
1104 3463 1575 3530 immunditiam
1616 3468 1681 3529 ei
1719 3467 1961 3553 objecit
2001 3475 2070 3537 in
2108 3474 2377 3558 Avibus,
2400 3489 2540 3543 tum-

431 3587 515 3631 -v.
544 3570 709 3631 1282

796 3664 1056 3757 ἐκόμων,
1107 3667 1378 3749 ἐπείνων,
1425 3670 1726 3758 ἓρῥυπων,
1765 3670 2156 3764 ἔσωκράτων.

455 3781 592 3835 tum
652 3770 846 3833 etiam
903 3789 967 3832 V
1031 3775 1195 3836 1554
1278 3768 1482 3857 πρὸς
1496 3772 1565 3836 δὲ
1609 3783 1741 3851 τοῖς
1778 3778 2117 3849 Σκιάποσιν

1296 3876 1479 3958 λίμνη
1526 3900 1622 3952 τις
1661 3876 1791 3942 ἴστ’
1799 3926 1819 3960 ,
1865 3881 2127 3960 αλουτος
2170 3875 2244 3949 ου
2343 3916 2354 3919 ¹

1488 3992 1851 4066 ’ψυχαγωγεῖ
1886 3985 2248 4071 Σωκράτης.

452 4071 570 4141 ubi
608 4076 895 4161 sequitur
924 4083 1187 4143 v.1564
1285 4068 1704 4165 Χέιιιριφῶνε
1670 4108 1710 4163 η
1753 4084 2046 4171 νυκτερίς.

382 4190 390 4200 ·
452 4174 750 4264 Denique
792 4179 884 4267 in
905 4175 1104 4246 Ranis
1151 4200 1213 4241 v.
1265 4185 1430 4246 1487
1460 4203 1646 4268 sqq
1677 4182 1977 4251 Socrates
2019 4191 2401 4277 vituperatur
2436 4194 2538 4262 obt

451 4276 775 4365 Euripidis
816 4279 1350 4367 familiaritatem,
1408 4304 1715 4371 quocum
1728 4298 1795 4350 et
1838 4287 1918 4349 de
1958 4290 2356 4380 tragoediae
2360 4297 2417 4369 vi
2437 4308 2514 4371 et
